symbol,trade_id,timestamp_ms,timestamp_utc,side,price,size,quote_volume
AAVE-USDT-SWAP,393229889,1783396494136,2026-07-07 03:54:54,buy,91.74,0.4,36.696
AAVE-USDT-SWAP,393229890,1783396494136,2026-07-07 03:54:54,buy,91.74,8.1,743.0939999999999
AAVE-USDT-SWAP,393229891,1783396494138,2026-07-07 03:54:54,buy,91.74,13.7,1256.838
AAVE-USDT-SWAP,393229892,1783396494138,2026-07-07 03:54:54,buy,91.74,16.3,1495.362
AAVE-USDT-SWAP,393229893,1783396495002,2026-07-07 03:54:55,sell,91.73,0.1,9.173
AAVE-USDT-SWAP,393229894,1783396495096,2026-07-07 03:54:55,sell,91.73,0.6,55.038000000000004
AAVE-USDT-SWAP,393229895,1783396495096,2026-07-07 03:54:55,sell,91.73,9.7,889.781
AAVE-USDT-SWAP,393229896,1783396495096,2026-07-07 03:54:55,sell,91.72,9.3,852.9960000000001
AAVE-USDT-SWAP,393229897,1783396495096,2026-07-07 03:54:55,sell,91.72,0.6,55.032
AAVE-USDT-SWAP,393229898,1783396495096,2026-07-07 03:54:55,sell,91.72,27.9,2558.988
AAVE-USDT-SWAP,393229899,1783396495096,2026-07-07 03:54:55,sell,91.72,10.4,953.888
AAVE-USDT-SWAP,393229900,1783396495096,2026-07-07 03:54:55,sell,91.72,0.1,9.172
AAVE-USDT-SWAP,393229901,1783396495096,2026-07-07 03:54:55,sell,91.72,20.3,1861.916
AAVE-USDT-SWAP,393229902,1783396495233,2026-07-07 03:54:55,sell,91.72,0.6,55.032
AAVE-USDT-SWAP,393229903,1783396495233,2026-07-07 03:54:55,sell,91.72,0.1,9.172
AAVE-USDT-SWAP,393229904,1783396496639,2026-07-07 03:54:56,buy,91.72,34.1,3127.652
AAVE-USDT-SWAP,393229905,1783396496639,2026-07-07 03:54:56,buy,91.72,0.6,55.032
AAVE-USDT-SWAP,393229906,1783396496639,2026-07-07 03:54:56,buy,91.72,0.2,18.344
AAVE-USDT-SWAP,393229907,1783396496639,2026-07-07 03:54:56,buy,91.73,12.5,1146.625
AAVE-USDT-SWAP,393229908,1783396496639,2026-07-07 03:54:56,buy,91.73,46.7,4283.791
AAVE-USDT-SWAP,393229909,1783396496639,2026-07-07 03:54:56,buy,91.73,50.0,4586.5
AAVE-USDT-SWAP,393229910,1783396496639,2026-07-07 03:54:56,buy,91.73,27.9,2559.267
AAVE-USDT-SWAP,393229911,1783396496639,2026-07-07 03:54:56,buy,91.73,30.0,2751.9
AAVE-USDT-SWAP,393229912,1783396496639,2026-07-07 03:54:56,buy,91.73,20.1,1843.7730000000001
AAVE-USDT-SWAP,393229913,1783396496639,2026-07-07 03:54:56,buy,91.73,0.6,55.038000000000004
AAVE-USDT-SWAP,393229914,1783396496639,2026-07-07 03:54:56,buy,91.73,1.2,110.07600000000001
AAVE-USDT-SWAP,393229915,1783396496639,2026-07-07 03:54:56,buy,91.73,0.2,18.346
AAVE-USDT-SWAP,393229916,1783396496639,2026-07-07 03:54:56,buy,91.73,0.4,36.692
AAVE-USDT-SWAP,393229917,1783396496639,2026-07-07 03:54:56,buy,91.73,0.1,9.173
AAVE-USDT-SWAP,393229918,1783396496639,2026-07-07 03:54:56,buy,91.73,54.5,4999.285
AAVE-USDT-SWAP,393229919,1783396496639,2026-07-07 03:54:56,buy,91.74,0.1,9.174
AAVE-USDT-SWAP,393229920,1783396496639,2026-07-07 03:54:56,buy,91.74,1.1,100.914
AAVE-USDT-SWAP,393229921,1783396496639,2026-07-07 03:54:56,buy,91.74,16.9,1550.4059999999997
AAVE-USDT-SWAP,393229922,1783396496639,2026-07-07 03:54:56,buy,91.74,0.6,55.044
AAVE-USDT-SWAP,393229923,1783396496639,2026-07-07 03:54:56,buy,91.74,46.7,4284.258
AAVE-USDT-SWAP,393229924,1783396496639,2026-07-07 03:54:56,buy,91.74,25.9,2376.066
AAVE-USDT-SWAP,393229925,1783396497406,2026-07-07 03:54:57,buy,91.74,2.0,183.48
AAVE-USDT-SWAP,393229926,1783396497406,2026-07-07 03:54:57,buy,91.74,31.3,2871.462
AAVE-USDT-SWAP,393229927,1783396500001,2026-07-07 03:55:00,sell,91.73,0.1,9.173
AAVE-USDT-SWAP,393229928,1783396500035,2026-07-07 03:55:00,buy,91.74,0.6,55.044
AAVE-USDT-SWAP,393229929,1783396500035,2026-07-07 03:55:00,buy,91.74,0.2,18.348
AAVE-USDT-SWAP,393229930,1783396501571,2026-07-07 03:55:01,buy,91.75,0.6,55.05
AAVE-USDT-SWAP,393229931,1783396501571,2026-07-07 03:55:01,buy,91.75,0.3,27.525
AAVE-USDT-SWAP,393229932,1783396501571,2026-07-07 03:55:01,buy,91.75,0.1,9.175
AAVE-USDT-SWAP,393229933,1783396501571,2026-07-07 03:55:01,buy,91.75,1.3,119.275
AAVE-USDT-SWAP,393229934,1783396501731,2026-07-07 03:55:01,buy,91.75,0.1,9.175
AAVE-USDT-SWAP,393229935,1783396501731,2026-07-07 03:55:01,buy,91.75,0.1,9.175
AAVE-USDT-SWAP,393229936,1783396501731,2026-07-07 03:55:01,buy,91.75,2.1,192.675
AAVE-USDT-SWAP,393229937,1783396502366,2026-07-07 03:55:02,sell,91.74,2.6,238.524
AAVE-USDT-SWAP,393229938,1783396502429,2026-07-07 03:55:02,sell,91.74,0.6,55.044
AAVE-USDT-SWAP,393229939,1783396502779,2026-07-07 03:55:02,sell,91.74,0.5,45.87
AAVE-USDT-SWAP,393229940,1783396503142,2026-07-07 03:55:03,sell,91.74,0.8,73.392
AAVE-USDT-SWAP,393229941,1783396505001,2026-07-07 03:55:05,sell,91.74,0.1,9.174
AAVE-USDT-SWAP,393229942,1783396505500,2026-07-07 03:55:05,sell,91.74,0.6,55.044
AAVE-USDT-SWAP,393229943,1783396505500,2026-07-07 03:55:05,sell,91.74,2.5,229.35
AAVE-USDT-SWAP,393229944,1783396505500,2026-07-07 03:55:05,sell,91.74,0.2,18.348
AAVE-USDT-SWAP,393229945,1783396505500,2026-07-07 03:55:05,sell,91.74,2.2,201.828
AAVE-USDT-SWAP,393229946,1783396505500,2026-07-07 03:55:05,sell,91.74,2.3,211.00199999999998
AAVE-USDT-SWAP,393229947,1783396505500,2026-07-07 03:55:05,sell,91.74,0.2,18.348
AAVE-USDT-SWAP,393229948,1783396505594,2026-07-07 03:55:05,sell,91.73,0.6,55.038000000000004
AAVE-USDT-SWAP,393229949,1783396505594,2026-07-07 03:55:05,sell,91.73,0.1,9.173
AAVE-USDT-SWAP,393229950,1783396505594,2026-07-07 03:55:05,sell,91.73,0.5,45.865
AAVE-USDT-SWAP,393229951,1783396505594,2026-07-07 03:55:05,sell,91.73,0.1,9.173
AAVE-USDT-SWAP,393229952,1783396505594,2026-07-07 03:55:05,sell,91.73,0.2,18.346
AAVE-USDT-SWAP,393229953,1783396506177,2026-07-07 03:55:06,buy,91.73,34.7,3183.0310000000004
AAVE-USDT-SWAP,393229954,1783396506177,2026-07-07 03:55:06,buy,91.73,0.6,55.038000000000004
AAVE-USDT-SWAP,393229955,1783396506177,2026-07-07 03:55:06,buy,91.73,27.9,2559.267
AAVE-USDT-SWAP,393229956,1783396506177,2026-07-07 03:55:06,buy,91.73,5.4,495.34200000000004
AAVE-USDT-SWAP,393229957,1783396506177,2026-07-07 03:55:06,buy,91.73,33.5,3072.955
AAVE-USDT-SWAP,393229958,1783396507035,2026-07-07 03:55:07,buy,91.73,0.6,55.038000000000004
AAVE-USDT-SWAP,393229959,1783396507035,2026-07-07 03:55:07,buy,91.73,1.3,119.24900000000001
AAVE-USDT-SWAP,393229960,1783396507225,2026-07-07 03:55:07,buy,91.74,0.6,55.044
AAVE-USDT-SWAP,393229961,1783396507225,2026-07-07 03:55:07,buy,91.74,0.2,18.348
AAVE-USDT-SWAP,393229962,1783396507225,2026-07-07 03:55:07,buy,91.74,0.4,36.696
AAVE-USDT-SWAP,393229963,1783396507225,2026-07-07 03:55:07,buy,91.74,0.2,18.348
AAVE-USDT-SWAP,393229964,1783396507366,2026-07-07 03:55:07,sell,91.74,5.0,458.7
AAVE-USDT-SWAP,393229965,1783396507376,2026-07-07 03:55:07,sell,91.74,1.1,100.914
AAVE-USDT-SWAP,393229966,1783396507414,2026-07-07 03:55:07,sell,91.74,1.1,100.914
AAVE-USDT-SWAP,393229967,1783396507763,2026-07-07 03:55:07,buy,91.75,0.1,9.175
AAVE-USDT-SWAP,393229968,1783396510982,2026-07-07 03:55:10,buy,91.75,8.7,798.2249999999999
AAVE-USDT-SWAP,393229969,1783396510982,2026-07-07 03:55:10,buy,91.75,0.1,9.175
AAVE-USDT-SWAP,393229970,1783396510982,2026-07-07 03:55:10,buy,91.75,0.1,9.175
AAVE-USDT-SWAP,393229971,1783396510982,2026-07-07 03:55:10,buy,91.75,0.6,55.05
AAVE-USDT-SWAP,393229972,1783396510982,2026-07-07 03:55:10,buy,91.75,0.3,27.525
AAVE-USDT-SWAP,393229973,1783396510982,2026-07-07 03:55:10,buy,91.75,0.2,18.35
AAVE-USDT-SWAP,393229974,1783396510984,2026-07-07 03:55:10,buy,91.76,0.1,9.176
AAVE-USDT-SWAP,393229975,1783396510984,2026-07-07 03:55:10,buy,91.76,0.6,55.056000000000004
AAVE-USDT-SWAP,393229976,1783396510984,2026-07-07 03:55:10,buy,91.76,0.1,9.176
AAVE-USDT-SWAP,393229977,1783396510984,2026-07-07 03:55:10,buy,91.76,6.8,623.9680000000001
AAVE-USDT-SWAP,393229978,1783396510984,2026-07-07 03:55:10,buy,91.76,54.4,4991.744000000001
AAVE-USDT-SWAP,393229979,1783396511019,2026-07-07 03:55:11,sell,91.76,0.6,55.056000000000004
AAVE-USDT-SWAP,393229980,1783396511969,2026-07-07 03:55:11,sell,91.75,0.6,55.05
AAVE-USDT-SWAP,393229981,1783396511969,2026-07-07 03:55:11,sell,91.75,0.1,9.175
AAVE-USDT-SWAP,393229982,1783396511969,2026-07-07 03:55:11,sell,91.75,0.1,9.175
AAVE-USDT-SWAP,393229983,1783396513664,2026-07-07 03:55:13,sell,91.74,0.6,55.044
AAVE-USDT-SWAP,393229984,1783396513664,2026-07-07 03:55:13,sell,91.74,0.1,9.174
AAVE-USDT-SWAP,393229985,1783396513664,2026-07-07 03:55:13,sell,91.74,0.5,45.87
AAVE-USDT-SWAP,393229986,1783396513664,2026-07-07 03:55:13,sell,91.74,0.1,9.174
AAVE-USDT-SWAP,393229987,1783396513664,2026-07-07 03:55:13,sell,91.74,27.9,2559.546
AAVE-USDT-SWAP,393229988,1783396513664,2026-07-07 03:55:13,sell,91.74,0.2,18.348
AAVE-USDT-SWAP,393234587,1783398211734,2026-07-07 04:23:31,sell,91.25,114.9,10484.625
AAVE-USDT-SWAP,393234588,1783398211734,2026-07-07 04:23:31,sell,91.25,0.2,18.25
AAVE-USDT-SWAP,393234589,1783398211734,2026-07-07 04:23:31,sell,91.25,0.1,9.125
AAVE-USDT-SWAP,393234590,1783398211734,2026-07-07 04:23:31,sell,91.25,29.3,2673.625
AAVE-USDT-SWAP,393234591,1783398211734,2026-07-07 04:23:31,sell,91.25,106.4,9709.0
AAVE-USDT-SWAP,393234592,1783398211734,2026-07-07 04:23:31,sell,91.25,30.0,2737.5
AAVE-USDT-SWAP,393234593,1783398211734,2026-07-07 04:23:31,sell,91.25,27.3,2491.125
AAVE-USDT-SWAP,393234594,1783398211734,2026-07-07 04:23:31,sell,91.25,27.3,2491.125
AAVE-USDT-SWAP,393234595,1783398211734,2026-07-07 04:23:31,sell,91.25,27.3,2491.125
AAVE-USDT-SWAP,393234596,1783398211734,2026-07-07 04:23:31,sell,91.25,21.0,1916.25
AAVE-USDT-SWAP,393234597,1783398211734,2026-07-07 04:23:31,sell,91.24,98.2,8959.768
AAVE-USDT-SWAP,393234598,1783398211734,2026-07-07 04:23:31,sell,91.24,65.3,5957.972
AAVE-USDT-SWAP,393234599,1783398211734,2026-07-07 04:23:31,sell,91.24,72.8,6642.271999999999
AAVE-USDT-SWAP,393234600,1783398211734,2026-07-07 04:23:31,sell,91.24,91.0,8302.84
AAVE-USDT-SWAP,393234601,1783398211734,2026-07-07 04:23:31,sell,91.24,91.0,8302.84
AAVE-USDT-SWAP,393234602,1783398211734,2026-07-07 04:23:31,sell,91.24,0.1,9.124
AAVE-USDT-SWAP,393234603,1783398211734,2026-07-07 04:23:31,sell,91.24,0.6,54.74399999999999
AAVE-USDT-SWAP,393234604,1783398211734,2026-07-07 04:23:31,sell,91.24,32.9,3001.796
AAVE-USDT-SWAP,393234605,1783398211734,2026-07-07 04:23:31,sell,91.24,45.5,4151.42
AAVE-USDT-SWAP,393234606,1783398211734,2026-07-07 04:23:31,sell,91.24,12.6,1149.6239999999998
AAVE-USDT-SWAP,393234607,1783398211734,2026-07-07 04:23:31,sell,91.24,33.1,3020.044
AAVE-USDT-SWAP,393234608,1783398211734,2026-07-07 04:23:31,sell,91.24,0.1,9.124
AAVE-USDT-SWAP,393234609,1783398211734,2026-07-07 04:23:31,sell,91.24,54.0,4926.96
AAVE-USDT-SWAP,393234610,1783398211734,2026-07-07 04:23:31,sell,91.24,33.1,3020.044
AAVE-USDT-SWAP,393234611,1783398211734,2026-07-07 04:23:31,sell,91.24,0.2,18.248
AAVE-USDT-SWAP,393234612,1783398211734,2026-07-07 04:23:31,sell,91.24,65.7,5994.468
AAVE-USDT-SWAP,393234613,1783398211734,2026-07-07 04:23:31,sell,91.24,5.0,456.2
AAVE-USDT-SWAP,393234614,1783398211734,2026-07-07 04:23:31,sell,91.24,5.0,456.2
AAVE-USDT-SWAP,393234615,1783398211734,2026-07-07 04:23:31,sell,91.24,0.9,82.116
AAVE-USDT-SWAP,393234616,1783398211734,2026-07-07 04:23:31,sell,91.24,30.0,2737.2
AAVE-USDT-SWAP,393234617,1783398211734,2026-07-07 04:23:31,sell,91.24,41.5,3786.4599999999996
AAVE-USDT-SWAP,393234618,1783398211734,2026-07-07 04:23:31,sell,91.24,34.5,3147.7799999999997
AAVE-USDT-SWAP,393234619,1783398211734,2026-07-07 04:23:31,sell,91.24,88.6,8083.863999999999
AAVE-USDT-SWAP,393234620,1783398211734,2026-07-07 04:23:31,sell,91.24,54.7,4990.828
AAVE-USDT-SWAP,393234621,1783398211734,2026-07-07 04:23:31,sell,91.23,72.8,6641.544
AAVE-USDT-SWAP,393234622,1783398211734,2026-07-07 04:23:31,sell,91.23,91.0,8301.93
AAVE-USDT-SWAP,393234623,1783398211734,2026-07-07 04:23:31,sell,91.23,91.0,8301.93
AAVE-USDT-SWAP,393234624,1783398211734,2026-07-07 04:23:31,sell,91.23,0.6,54.738
AAVE-USDT-SWAP,393234625,1783398211734,2026-07-07 04:23:31,sell,91.23,37.9,3457.617
AAVE-USDT-SWAP,393234626,1783398211734,2026-07-07 04:23:31,sell,91.23,12.5,1140.375
AAVE-USDT-SWAP,393234627,1783398211734,2026-07-07 04:23:31,sell,91.23,33.8,3083.574
AAVE-USDT-SWAP,393234628,1783398211734,2026-07-07 04:23:31,sell,91.23,1.2,109.476
AAVE-USDT-SWAP,393234629,1783398211734,2026-07-07 04:23:31,sell,91.23,0.1,9.123000000000001
AAVE-USDT-SWAP,393234630,1783398211734,2026-07-07 04:23:31,sell,91.23,0.2,18.246000000000002
AAVE-USDT-SWAP,393234631,1783398211734,2026-07-07 04:23:31,sell,91.23,12.5,1140.375
AAVE-USDT-SWAP,393234632,1783398211734,2026-07-07 04:23:31,sell,91.23,53.4,4871.682
AAVE-USDT-SWAP,393234633,1783398211734,2026-07-07 04:23:31,sell,91.23,0.1,9.123000000000001
AAVE-USDT-SWAP,393234634,1783398211734,2026-07-07 04:23:31,sell,91.23,67.9,6194.517000000001
AAVE-USDT-SWAP,393234635,1783398211734,2026-07-07 04:23:31,sell,91.23,37.3,3402.879
AAVE-USDT-SWAP,393234636,1783398211734,2026-07-07 04:23:31,sell,91.23,1.0,91.23
AAVE-USDT-SWAP,393234637,1783398211734,2026-07-07 04:23:31,sell,91.22,1.0,91.22
AAVE-USDT-SWAP,393234638,1783398211734,2026-07-07 04:23:31,sell,91.22,19.6,1787.912
AAVE-USDT-SWAP,393234639,1783398211734,2026-07-07 04:23:31,sell,91.22,0.1,9.122
AAVE-USDT-SWAP,393234640,1783398211734,2026-07-07 04:23:31,sell,91.22,30.3,2763.966
AAVE-USDT-SWAP,393234641,1783398211744,2026-07-07 04:23:31,sell,91.26,0.6,54.756
AAVE-USDT-SWAP,393234642,1783398211744,2026-07-07 04:23:31,sell,91.26,3.7,337.66200000000003
AAVE-USDT-SWAP,393234643,1783398211859,2026-07-07 04:23:31,buy,91.27,0.1,9.127
AAVE-USDT-SWAP,393234644,1783398211859,2026-07-07 04:23:31,buy,91.27,0.6,54.76199999999999
AAVE-USDT-SWAP,393234645,1783398211859,2026-07-07 04:23:31,buy,91.27,0.1,9.127
AAVE-USDT-SWAP,393234646,1783398211859,2026-07-07 04:23:31,buy,91.27,1.6,146.032
AAVE-USDT-SWAP,393234647,1783398212094,2026-07-07 04:23:32,buy,91.27,10.0,912.6999999999999
AAVE-USDT-SWAP,393234648,1783398212118,2026-07-07 04:23:32,buy,91.27,2.1,191.667
AAVE-USDT-SWAP,393234649,1783398212118,2026-07-07 04:23:32,buy,91.27,0.6,54.76199999999999
AAVE-USDT-SWAP,393234650,1783398212118,2026-07-07 04:23:32,buy,91.27,1.1,100.397
AAVE-USDT-SWAP,393234651,1783398212118,2026-07-07 04:23:32,buy,91.27,0.2,18.254
AAVE-USDT-SWAP,393234652,1783398213041,2026-07-07 04:23:33,buy,91.28,0.1,9.128
AAVE-USDT-SWAP,393234653,1783398213041,2026-07-07 04:23:33,buy,91.28,0.6,54.768
AAVE-USDT-SWAP,393234654,1783398213041,2026-07-07 04:23:33,buy,91.28,0.3,27.384
AAVE-USDT-SWAP,393234655,1783398213041,2026-07-07 04:23:33,buy,91.28,0.3,27.384
AAVE-USDT-SWAP,393234656,1783398213041,2026-07-07 04:23:33,buy,91.28,0.2,18.256
AAVE-USDT-SWAP,393234657,1783398213158,2026-07-07 04:23:33,buy,91.29,0.6,54.774
AAVE-USDT-SWAP,393234658,1783398213158,2026-07-07 04:23:33,buy,91.29,0.1,9.129000000000001
AAVE-USDT-SWAP,393234659,1783398213158,2026-07-07 04:23:33,buy,91.29,0.5,45.645
AAVE-USDT-SWAP,393234660,1783398213158,2026-07-07 04:23:33,buy,91.29,0.1,9.129000000000001
AAVE-USDT-SWAP,393234661,1783398213277,2026-07-07 04:23:33,buy,91.3,0.6,54.779999999999994
AAVE-USDT-SWAP,393234662,1783398213277,2026-07-07 04:23:33,buy,91.3,0.9,82.17
AAVE-USDT-SWAP,393234663,1783398213277,2026-07-07 04:23:33,buy,91.3,0.1,9.13
AAVE-USDT-SWAP,393234664,1783398213277,2026-07-07 04:23:33,buy,91.3,0.1,9.13
AAVE-USDT-SWAP,393234665,1783398213277,2026-07-07 04:23:33,buy,91.3,0.1,9.13
AAVE-USDT-SWAP,393234666,1783398213277,2026-07-07 04:23:33,buy,91.3,0.1,9.13
AAVE-USDT-SWAP,393234667,1783398213277,2026-07-07 04:23:33,buy,91.3,0.2,18.26
AAVE-USDT-SWAP,393234668,1783398213277,2026-07-07 04:23:33,buy,91.3,0.3,27.389999999999997
AAVE-USDT-SWAP,393234669,1783398214072,2026-07-07 04:23:34,buy,91.31,0.6,54.786
AAVE-USDT-SWAP,393234670,1783398214072,2026-07-07 04:23:34,buy,91.31,4.7,429.15700000000004
AAVE-USDT-SWAP,393234671,1783398216357,2026-07-07 04:23:36,sell,91.31,24.0,2191.44
AAVE-USDT-SWAP,393234672,1783398216357,2026-07-07 04:23:36,sell,91.31,1.5,136.965
AAVE-USDT-SWAP,393234673,1783398216362,2026-07-07 04:23:36,buy,91.32,0.6,54.791999999999994
AAVE-USDT-SWAP,393234674,1783398216362,2026-07-07 04:23:36,buy,91.32,9.3,849.276
AAVE-USDT-SWAP,393234675,1783398216362,2026-07-07 04:23:36,buy,91.32,0.1,9.132
AAVE-USDT-SWAP,393234676,1783398216362,2026-07-07 04:23:36,buy,91.32,1.0,91.32
AAVE-USDT-SWAP,393234677,1783398216362,2026-07-07 04:23:36,buy,91.32,0.3,27.395999999999997
AAVE-USDT-SWAP,393234678,1783398216362,2026-07-07 04:23:36,buy,91.32,0.2,18.264
AAVE-USDT-SWAP,393234679,1783398216362,2026-07-07 04:23:36,buy,91.32,12.1,1104.972
AAVE-USDT-SWAP,393234680,1783398216362,2026-07-07 04:23:36,buy,91.32,0.2,18.264
AAVE-USDT-SWAP,393234681,1783398216362,2026-07-07 04:23:36,buy,91.32,3.3,301.35599999999994
AAVE-USDT-SWAP,393234682,1783398216438,2026-07-07 04:23:36,buy,91.33,0.6,54.797999999999995
AAVE-USDT-SWAP,393234683,1783398216438,2026-07-07 04:23:36,buy,91.33,0.3,27.398999999999997
AAVE-USDT-SWAP,393234684,1783398216438,2026-07-07 04:23:36,buy,91.33,2.1,191.793
AAVE-USDT-SWAP,393234685,1783398216448,2026-07-07 04:23:36,buy,91.33,0.6,54.797999999999995
AAVE-USDT-SWAP,393234686,1783398218586,2026-07-07 04:23:38,buy,91.34,23.8,2173.8920000000003
AAVE-USDT-SWAP,393234687,1783398219882,2026-07-07 04:23:39,sell,91.33,2.1,191.793
AAVE-USDT-SWAP,393234688,1783398219882,2026-07-07 04:23:39,sell,91.33,7.2,657.576
AAVE-USDT-SWAP,393234689,1783398219884,2026-07-07 04:23:39,sell,91.33,0.6,54.797999999999995
AAVE-USDT-SWAP,393234690,1783398219884,2026-07-07 04:23:39,sell,91.33,10.0,913.3
AAVE-USDT-SWAP,393234691,1783398219884,2026-07-07 04:23:39,sell,91.33,0.2,18.266000000000002
AAVE-USDT-SWAP,393234692,1783398219887,2026-07-07 04:23:39,sell,91.32,0.6,54.791999999999994
AAVE-USDT-SWAP,393234693,1783398219887,2026-07-07 04:23:39,sell,91.32,0.2,18.264
AAVE-USDT-SWAP,393234694,1783398220370,2026-07-07 04:23:40,sell,91.31,0.6,54.786
AAVE-USDT-SWAP,393234695,1783398220370,2026-07-07 04:23:40,sell,91.31,0.2,18.262
AAVE-USDT-SWAP,393234696,1783398220370,2026-07-07 04:23:40,sell,91.31,0.2,18.262
AAVE-USDT-SWAP,393234697,1783398221140,2026-07-07 04:23:41,sell,91.3,0.6,54.779999999999994
AAVE-USDT-SWAP,393234698,1783398221140,2026-07-07 04:23:41,sell,91.3,0.2,18.26
AAVE-USDT-SWAP,393234699,1783398221188,2026-07-07 04:23:41,sell,91.29,0.6,54.774
AAVE-USDT-SWAP,393234700,1783398221188,2026-07-07 04:23:41,sell,91.29,0.2,18.258000000000003
AAVE-USDT-SWAP,393234701,1783398222206,2026-07-07 04:23:42,buy,91.29,0.6,54.774
AAVE-USDT-SWAP,393234702,1783398222206,2026-07-07 04:23:42,buy,91.29,0.2,18.258000000000003
AAVE-USDT-SWAP,393234703,1783398222277,2026-07-07 04:23:42,buy,91.3,0.6,54.779999999999994
AAVE-USDT-SWAP,393234704,1783398222277,2026-07-07 04:23:42,buy,91.3,0.3,27.389999999999997
AAVE-USDT-SWAP,393234705,1783398222277,2026-07-07 04:23:42,buy,91.3,0.2,18.26
AAVE-USDT-SWAP,393234706,1783398222277,2026-07-07 04:23:42,buy,91.3,0.2,18.26
