symbol,trade_id,timestamp_ms,timestamp_utc,side,price,size,quote_volume
AVAX-USDT-SWAP,438423512,1783396425093,2026-07-07 03:53:45,sell,6.795,0.1,0.6795
AVAX-USDT-SWAP,438423513,1783396425093,2026-07-07 03:53:45,sell,6.795,0.1,0.6795
AVAX-USDT-SWAP,438423514,1783396425093,2026-07-07 03:53:45,sell,6.795,0.2,1.359
AVAX-USDT-SWAP,438423515,1783396425093,2026-07-07 03:53:45,sell,6.795,0.1,0.6795
AVAX-USDT-SWAP,438423516,1783396428346,2026-07-07 03:53:48,sell,6.794,0.8,5.4352
AVAX-USDT-SWAP,438423517,1783396428346,2026-07-07 03:53:48,sell,6.794,0.1,0.6794
AVAX-USDT-SWAP,438423518,1783396428346,2026-07-07 03:53:48,sell,6.794,0.2,1.3588
AVAX-USDT-SWAP,438423519,1783396428346,2026-07-07 03:53:48,sell,6.794,0.1,0.6794
AVAX-USDT-SWAP,438423520,1783396428346,2026-07-07 03:53:48,sell,6.794,0.1,0.6794
AVAX-USDT-SWAP,438423521,1783396428346,2026-07-07 03:53:48,sell,6.794,0.1,0.6794
AVAX-USDT-SWAP,438423522,1783396435938,2026-07-07 03:53:55,sell,6.793,0.8,5.4344
AVAX-USDT-SWAP,438423523,1783396435938,2026-07-07 03:53:55,sell,6.793,0.2,1.3586
AVAX-USDT-SWAP,438423524,1783396435938,2026-07-07 03:53:55,sell,6.793,0.1,0.6793
AVAX-USDT-SWAP,438423525,1783396435938,2026-07-07 03:53:55,sell,6.793,0.1,0.6793
AVAX-USDT-SWAP,438423526,1783396435938,2026-07-07 03:53:55,sell,6.793,0.2,1.3586
AVAX-USDT-SWAP,438423527,1783396440925,2026-07-07 03:54:00,sell,6.792,0.8,5.4336
AVAX-USDT-SWAP,438423528,1783396440925,2026-07-07 03:54:00,sell,6.792,0.2,1.3584
AVAX-USDT-SWAP,438423529,1783396440925,2026-07-07 03:54:00,sell,6.792,0.1,0.6792
AVAX-USDT-SWAP,438423530,1783396440925,2026-07-07 03:54:00,sell,6.792,0.2,1.3584
AVAX-USDT-SWAP,438423531,1783396441613,2026-07-07 03:54:01,buy,6.792,0.1,0.6792
AVAX-USDT-SWAP,438423532,1783396441613,2026-07-07 03:54:01,buy,6.792,1.4,9.508799999999999
AVAX-USDT-SWAP,438423533,1783396441666,2026-07-07 03:54:01,buy,6.792,1.5,10.187999999999999
AVAX-USDT-SWAP,438423534,1783396441851,2026-07-07 03:54:01,sell,6.791,0.8,5.4328
AVAX-USDT-SWAP,438423535,1783396441851,2026-07-07 03:54:01,sell,6.791,0.2,1.3582
AVAX-USDT-SWAP,438423536,1783396441851,2026-07-07 03:54:01,sell,6.791,0.1,0.6791
AVAX-USDT-SWAP,438423537,1783396441851,2026-07-07 03:54:01,sell,6.791,0.1,0.6791
AVAX-USDT-SWAP,438423538,1783396441851,2026-07-07 03:54:01,sell,6.791,0.1,0.6791
AVAX-USDT-SWAP,438423539,1783396441851,2026-07-07 03:54:01,sell,6.791,1.1,7.470100000000001
AVAX-USDT-SWAP,438423540,1783396441851,2026-07-07 03:54:01,sell,6.791,0.1,0.6791
AVAX-USDT-SWAP,438423541,1783396441851,2026-07-07 03:54:01,sell,6.791,0.2,1.3582
AVAX-USDT-SWAP,438423542,1783396442141,2026-07-07 03:54:02,sell,6.79,0.8,5.432
AVAX-USDT-SWAP,438423543,1783396442141,2026-07-07 03:54:02,sell,6.79,0.3,2.037
AVAX-USDT-SWAP,438423544,1783396442274,2026-07-07 03:54:02,sell,6.79,1.0,6.79
AVAX-USDT-SWAP,438423545,1783396442411,2026-07-07 03:54:02,sell,6.79,4.8,32.592
AVAX-USDT-SWAP,438423546,1783396442924,2026-07-07 03:54:02,sell,6.79,0.7,4.753
AVAX-USDT-SWAP,438423547,1783396446354,2026-07-07 03:54:06,buy,6.791,63.1,428.51210000000003
AVAX-USDT-SWAP,438423548,1783396446354,2026-07-07 03:54:06,buy,6.791,0.8,5.4328
AVAX-USDT-SWAP,438423549,1783396446354,2026-07-07 03:54:06,buy,6.791,45.7,310.3487
AVAX-USDT-SWAP,438423550,1783396446354,2026-07-07 03:54:06,buy,6.791,1.0,6.791
AVAX-USDT-SWAP,438423551,1783396446354,2026-07-07 03:54:06,buy,6.791,0.2,1.3582
AVAX-USDT-SWAP,438423552,1783396446354,2026-07-07 03:54:06,buy,6.792,54.4,369.4848
AVAX-USDT-SWAP,438423553,1783396446354,2026-07-07 03:54:06,buy,6.792,42.1,285.9432
AVAX-USDT-SWAP,438423554,1783396446354,2026-07-07 03:54:06,buy,6.792,0.8,5.4336
AVAX-USDT-SWAP,438423555,1783396446354,2026-07-07 03:54:06,buy,6.792,100.0,679.1999999999999
AVAX-USDT-SWAP,438423556,1783396446354,2026-07-07 03:54:06,buy,6.792,0.1,0.6792
AVAX-USDT-SWAP,438423557,1783396446354,2026-07-07 03:54:06,buy,6.792,9.4,63.8448
AVAX-USDT-SWAP,438423558,1783396446354,2026-07-07 03:54:06,buy,6.792,1.1,7.4712000000000005
AVAX-USDT-SWAP,438423559,1783396446354,2026-07-07 03:54:06,buy,6.792,0.2,1.3584
AVAX-USDT-SWAP,438423560,1783396446354,2026-07-07 03:54:06,buy,6.792,220.5,1497.636
AVAX-USDT-SWAP,438423561,1783396446354,2026-07-07 03:54:06,buy,6.792,176.2,1196.7504
AVAX-USDT-SWAP,438423562,1783396446354,2026-07-07 03:54:06,buy,6.792,0.1,0.6792
AVAX-USDT-SWAP,438423563,1783396446354,2026-07-07 03:54:06,buy,6.792,220.4,1496.9568
AVAX-USDT-SWAP,438423564,1783396446354,2026-07-07 03:54:06,buy,6.792,5.7,38.7144
AVAX-USDT-SWAP,438423565,1783396446354,2026-07-07 03:54:06,buy,6.792,0.2,1.3584
AVAX-USDT-SWAP,438423566,1783396446354,2026-07-07 03:54:06,buy,6.792,5.6,38.035199999999996
AVAX-USDT-SWAP,438423567,1783396446355,2026-07-07 03:54:06,buy,6.792,93.1,632.3352
AVAX-USDT-SWAP,438423568,1783396446355,2026-07-07 03:54:06,buy,6.792,521.3,3540.6695999999997
AVAX-USDT-SWAP,438423569,1783396446355,2026-07-07 03:54:06,buy,6.792,155.6,1056.8352
AVAX-USDT-SWAP,438423570,1783396446581,2026-07-07 03:54:06,sell,6.792,0.2,1.3584
AVAX-USDT-SWAP,438423571,1783396446973,2026-07-07 03:54:06,buy,6.793,0.8,5.4344
AVAX-USDT-SWAP,438423572,1783396446973,2026-07-07 03:54:06,buy,6.793,8.9,60.4577
AVAX-USDT-SWAP,438423573,1783396446973,2026-07-07 03:54:06,buy,6.793,1.8,12.227400000000001
AVAX-USDT-SWAP,438423574,1783396446973,2026-07-07 03:54:06,buy,6.793,0.1,0.6793
AVAX-USDT-SWAP,438423575,1783396446973,2026-07-07 03:54:06,buy,6.793,42.0,285.306
AVAX-USDT-SWAP,438423576,1783396446973,2026-07-07 03:54:06,buy,6.793,40.8,277.1544
AVAX-USDT-SWAP,438423577,1783396446973,2026-07-07 03:54:06,buy,6.793,80.8,548.8744
AVAX-USDT-SWAP,438423578,1783396446987,2026-07-07 03:54:06,sell,6.792,0.1,0.6792
AVAX-USDT-SWAP,438423579,1783396449920,2026-07-07 03:54:09,buy,6.793,4.7,31.927100000000003
AVAX-USDT-SWAP,438423580,1783396449920,2026-07-07 03:54:09,buy,6.793,0.8,5.4344
AVAX-USDT-SWAP,438423581,1783396449920,2026-07-07 03:54:09,buy,6.793,2.1,14.265300000000002
AVAX-USDT-SWAP,438423582,1783396449920,2026-07-07 03:54:09,buy,6.793,0.2,1.3586
AVAX-USDT-SWAP,438423583,1783396501571,2026-07-07 03:55:01,buy,6.794,0.8,5.4352
AVAX-USDT-SWAP,438423584,1783396501571,2026-07-07 03:55:01,buy,6.794,0.1,0.6794
AVAX-USDT-SWAP,438423585,1783396501571,2026-07-07 03:55:01,buy,6.794,0.6,4.0764
AVAX-USDT-SWAP,438423586,1783396501668,2026-07-07 03:55:01,sell,6.793,0.8,5.4344
AVAX-USDT-SWAP,438423587,1783396501668,2026-07-07 03:55:01,sell,6.793,0.9,6.113700000000001
AVAX-USDT-SWAP,438423588,1783396502669,2026-07-07 03:55:02,sell,6.793,0.8,5.4344
AVAX-USDT-SWAP,438423589,1783396502676,2026-07-07 03:55:02,sell,6.793,1.1,7.472300000000001
AVAX-USDT-SWAP,438423590,1783396502787,2026-07-07 03:55:02,sell,6.793,1.1,7.472300000000001
AVAX-USDT-SWAP,438423591,1783396502795,2026-07-07 03:55:02,sell,6.793,1.0,6.793
AVAX-USDT-SWAP,438423592,1783396504690,2026-07-07 03:55:04,buy,6.794,0.5,3.397
AVAX-USDT-SWAP,438423593,1783396504690,2026-07-07 03:55:04,buy,6.794,5.1,34.64939999999999
AVAX-USDT-SWAP,438423594,1783396504690,2026-07-07 03:55:04,buy,6.794,1.4,9.5116
AVAX-USDT-SWAP,438423595,1783396504690,2026-07-07 03:55:04,buy,6.794,9.4,63.8636
AVAX-USDT-SWAP,438423596,1783396504690,2026-07-07 03:55:04,buy,6.794,0.2,1.3588
AVAX-USDT-SWAP,438423597,1783396504690,2026-07-07 03:55:04,buy,6.794,8.9,60.4666
AVAX-USDT-SWAP,438423598,1783396504690,2026-07-07 03:55:04,buy,6.794,0.8,5.4352
AVAX-USDT-SWAP,438423599,1783396504690,2026-07-07 03:55:04,buy,6.794,1.7,11.5498
AVAX-USDT-SWAP,438423600,1783396504690,2026-07-07 03:55:04,buy,6.794,0.5,3.397
AVAX-USDT-SWAP,438423601,1783396504690,2026-07-07 03:55:04,buy,6.794,0.2,1.3588
AVAX-USDT-SWAP,438423602,1783396504690,2026-07-07 03:55:04,buy,6.794,40.3,273.79819999999995
AVAX-USDT-SWAP,438423603,1783396504690,2026-07-07 03:55:04,buy,6.794,0.2,1.3588
AVAX-USDT-SWAP,438423604,1783396504690,2026-07-07 03:55:04,buy,6.795,0.8,5.436
AVAX-USDT-SWAP,438423605,1783396504690,2026-07-07 03:55:04,buy,6.795,41.6,282.672
AVAX-USDT-SWAP,438423606,1783396504690,2026-07-07 03:55:04,buy,6.795,63.6,432.162
AVAX-USDT-SWAP,438423607,1783396505289,2026-07-07 03:55:05,sell,6.794,0.1,0.6794
AVAX-USDT-SWAP,438423608,1783396505289,2026-07-07 03:55:05,sell,6.794,0.8,5.4352
AVAX-USDT-SWAP,438423609,1783396505289,2026-07-07 03:55:05,sell,6.794,0.1,0.6794
AVAX-USDT-SWAP,438423610,1783396505289,2026-07-07 03:55:05,sell,6.794,0.1,0.6794
AVAX-USDT-SWAP,438423611,1783396505289,2026-07-07 03:55:05,sell,6.794,0.2,1.3588
