symbol,trade_id,timestamp_ms,timestamp_utc,side,price,size,quote_volume
BNB-USDT-SWAP,230117082,1783396298268,2026-07-07 03:51:38,buy,578.3,1.0,578.3
BNB-USDT-SWAP,230117083,1783396298268,2026-07-07 03:51:38,buy,578.3,1.0,578.3
BNB-USDT-SWAP,230117084,1783396298268,2026-07-07 03:51:38,buy,578.3,1.0,578.3
BNB-USDT-SWAP,230117085,1783396298268,2026-07-07 03:51:38,buy,578.3,1.0,578.3
BNB-USDT-SWAP,230117086,1783396298268,2026-07-07 03:51:38,buy,578.3,1.0,578.3
BNB-USDT-SWAP,230117087,1783396298268,2026-07-07 03:51:38,buy,578.3,4.0,2313.2
BNB-USDT-SWAP,230117088,1783396298268,2026-07-07 03:51:38,buy,578.3,3.0,1734.8999999999999
BNB-USDT-SWAP,230117089,1783396298269,2026-07-07 03:51:38,buy,578.3,592.0,342353.6
BNB-USDT-SWAP,230117090,1783396298269,2026-07-07 03:51:38,buy,578.3,391.0,226115.3
BNB-USDT-SWAP,230117091,1783396298269,2026-07-07 03:51:38,buy,578.3,27.0,15614.099999999999
BNB-USDT-SWAP,230117092,1783396298269,2026-07-07 03:51:38,buy,578.3,14.0,8096.199999999999
BNB-USDT-SWAP,230117093,1783396298269,2026-07-07 03:51:38,buy,578.3,2.0,1156.6
BNB-USDT-SWAP,230117094,1783396298269,2026-07-07 03:51:38,buy,578.3,1.0,578.3
BNB-USDT-SWAP,230117095,1783396298269,2026-07-07 03:51:38,buy,578.3,1.0,578.3
BNB-USDT-SWAP,230117096,1783396298269,2026-07-07 03:51:38,buy,578.3,2.0,1156.6
BNB-USDT-SWAP,230117097,1783396298269,2026-07-07 03:51:38,buy,578.3,1.0,578.3
BNB-USDT-SWAP,230117098,1783396298269,2026-07-07 03:51:38,buy,578.3,9.0,5204.7
BNB-USDT-SWAP,230117099,1783396309245,2026-07-07 03:51:49,buy,578.3,992.0,573673.6
BNB-USDT-SWAP,230117100,1783396309245,2026-07-07 03:51:49,buy,578.3,16.0,9252.8
BNB-USDT-SWAP,230117101,1783396309245,2026-07-07 03:51:49,buy,578.3,355.0,205296.49999999997
BNB-USDT-SWAP,230117102,1783396311655,2026-07-07 03:51:51,buy,578.3,1.0,578.3
BNB-USDT-SWAP,230117103,1783396311655,2026-07-07 03:51:51,buy,578.3,6.0,3469.7999999999997
BNB-USDT-SWAP,230117104,1783396313778,2026-07-07 03:51:53,sell,578.2,936.0,541195.2000000001
BNB-USDT-SWAP,230117105,1783396320805,2026-07-07 03:52:00,sell,578.2,3.0,1734.6000000000001
BNB-USDT-SWAP,230117106,1783396321133,2026-07-07 03:52:01,sell,578.2,131.0,75744.20000000001
BNB-USDT-SWAP,230117107,1783396321642,2026-07-07 03:52:01,buy,578.3,1.0,578.3
BNB-USDT-SWAP,230117108,1783396321735,2026-07-07 03:52:01,sell,578.2,16.0,9251.2
BNB-USDT-SWAP,230117109,1783396321735,2026-07-07 03:52:01,sell,578.2,1.0,578.2
BNB-USDT-SWAP,230117110,1783396321735,2026-07-07 03:52:01,sell,578.2,1.0,578.2
BNB-USDT-SWAP,230117111,1783396321735,2026-07-07 03:52:01,sell,578.2,113.0,65336.600000000006
BNB-USDT-SWAP,230117112,1783396322057,2026-07-07 03:52:02,buy,578.3,2.0,1156.6
BNB-USDT-SWAP,230117113,1783396322164,2026-07-07 03:52:02,sell,578.2,15.0,8673.0
BNB-USDT-SWAP,230117114,1783396322376,2026-07-07 03:52:02,sell,578.2,32.0,18502.4
BNB-USDT-SWAP,230117115,1783396322505,2026-07-07 03:52:02,sell,578.2,1.0,578.2
BNB-USDT-SWAP,230117116,1783396322816,2026-07-07 03:52:02,sell,578.2,11.0,6360.200000000001
BNB-USDT-SWAP,230117117,1783396323078,2026-07-07 03:52:03,sell,578.2,7.0,4047.4000000000005
BNB-USDT-SWAP,230117118,1783396323138,2026-07-07 03:52:03,sell,578.2,16.0,9251.2
BNB-USDT-SWAP,230117119,1783396333395,2026-07-07 03:52:13,buy,578.3,257.0,148623.09999999998
BNB-USDT-SWAP,230117120,1783396333395,2026-07-07 03:52:13,buy,578.3,31.0,17927.3
BNB-USDT-SWAP,230117121,1783396333395,2026-07-07 03:52:13,buy,578.3,3.0,1734.8999999999999
BNB-USDT-SWAP,230117122,1783396333395,2026-07-07 03:52:13,buy,578.3,1.0,578.3
BNB-USDT-SWAP,230117123,1783396333395,2026-07-07 03:52:13,buy,578.3,23.0,13300.9
BNB-USDT-SWAP,230117124,1783396333395,2026-07-07 03:52:13,buy,578.3,1.0,578.3
BNB-USDT-SWAP,230117125,1783396333395,2026-07-07 03:52:13,buy,578.3,3.0,1734.8999999999999
BNB-USDT-SWAP,230117126,1783396333395,2026-07-07 03:52:13,buy,578.3,19.0,10987.699999999999
BNB-USDT-SWAP,230117127,1783396333395,2026-07-07 03:52:13,buy,578.3,3.0,1734.8999999999999
BNB-USDT-SWAP,230117128,1783396333395,2026-07-07 03:52:13,buy,578.3,1.0,578.3
BNB-USDT-SWAP,230117129,1783396333395,2026-07-07 03:52:13,buy,578.3,1.0,578.3
BNB-USDT-SWAP,230117130,1783396333395,2026-07-07 03:52:13,buy,578.3,2.0,1156.6
BNB-USDT-SWAP,230117131,1783396357190,2026-07-07 03:52:37,buy,578.4,1.0,578.4
BNB-USDT-SWAP,230117132,1783396357190,2026-07-07 03:52:37,buy,578.4,2.0,1156.8
BNB-USDT-SWAP,230117133,1783396357190,2026-07-07 03:52:37,buy,578.4,8.0,4627.2
BNB-USDT-SWAP,230117134,1783396357190,2026-07-07 03:52:37,buy,578.4,75.0,43380.0
BNB-USDT-SWAP,230117135,1783396380477,2026-07-07 03:53:00,buy,578.4,857.0,495688.8
BNB-USDT-SWAP,230117136,1783396380750,2026-07-07 03:53:00,sell,578.3,2.0,1156.6
BNB-USDT-SWAP,230117137,1783396381239,2026-07-07 03:53:01,buy,578.4,1.0,578.4
BNB-USDT-SWAP,230117138,1783396381391,2026-07-07 03:53:01,buy,578.4,2.0,1156.8
BNB-USDT-SWAP,230117139,1783396382013,2026-07-07 03:53:02,buy,578.4,1.0,578.4
BNB-USDT-SWAP,230117140,1783396382013,2026-07-07 03:53:02,buy,578.4,4.0,2313.6
BNB-USDT-SWAP,230117141,1783396382379,2026-07-07 03:53:02,sell,578.3,9.0,5204.7
BNB-USDT-SWAP,230117142,1783396382486,2026-07-07 03:53:02,sell,578.3,2.0,1156.6
BNB-USDT-SWAP,230117143,1783396382558,2026-07-07 03:53:02,sell,578.3,3.0,1734.8999999999999
BNB-USDT-SWAP,230117144,1783396382592,2026-07-07 03:53:02,sell,578.3,4.0,2313.2
BNB-USDT-SWAP,230117145,1783396382667,2026-07-07 03:53:02,sell,578.3,4.0,2313.2
BNB-USDT-SWAP,230117146,1783396383680,2026-07-07 03:53:03,buy,578.4,1.0,578.4
BNB-USDT-SWAP,230117147,1783396383680,2026-07-07 03:53:03,buy,578.4,3.0,1735.1999999999998
BNB-USDT-SWAP,230117148,1783396383680,2026-07-07 03:53:03,buy,578.4,9.0,5205.599999999999
BNB-USDT-SWAP,230117149,1783396395658,2026-07-07 03:53:15,sell,578.4,334.0,193185.6
BNB-USDT-SWAP,230117150,1783396395658,2026-07-07 03:53:15,sell,578.4,66.0,38174.4
BNB-USDT-SWAP,230117151,1783396397585,2026-07-07 03:53:17,buy,578.5,255.0,147517.5
BNB-USDT-SWAP,230117152,1783396404651,2026-07-07 03:53:24,buy,578.5,1.0,578.5
BNB-USDT-SWAP,230117153,1783396404651,2026-07-07 03:53:24,buy,578.5,1.0,578.5
BNB-USDT-SWAP,230117154,1783396404651,2026-07-07 03:53:24,buy,578.5,8.0,4628.0
BNB-USDT-SWAP,230117155,1783396404651,2026-07-07 03:53:24,buy,578.5,7.0,4049.5
BNB-USDT-SWAP,230117156,1783396424819,2026-07-07 03:53:44,sell,578.5,332.0,192062.0
BNB-USDT-SWAP,230117157,1783396424819,2026-07-07 03:53:44,sell,578.5,13.0,7520.5
BNB-USDT-SWAP,230117158,1783396433801,2026-07-07 03:53:53,sell,578.5,1.0,578.5
BNB-USDT-SWAP,230117159,1783396433801,2026-07-07 03:53:53,sell,578.5,6.0,3471.0
BNB-USDT-SWAP,230117160,1783396433801,2026-07-07 03:53:53,sell,578.5,4.0,2314.0
BNB-USDT-SWAP,230117161,1783396433801,2026-07-07 03:53:53,sell,578.5,46.0,26611.0
BNB-USDT-SWAP,230117162,1783396433801,2026-07-07 03:53:53,sell,578.5,1.0,578.5
BNB-USDT-SWAP,230117163,1783396433801,2026-07-07 03:53:53,sell,578.5,16.0,9256.0
BNB-USDT-SWAP,230117164,1783396440871,2026-07-07 03:54:00,sell,578.4,3.0,1735.1999999999998
BNB-USDT-SWAP,230117165,1783396441584,2026-07-07 03:54:01,buy,578.5,2.0,1157.0
BNB-USDT-SWAP,230117166,1783396441625,2026-07-07 03:54:01,buy,578.5,2.0,1157.0
BNB-USDT-SWAP,230117167,1783396441806,2026-07-07 03:54:01,buy,578.5,4.0,2314.0
BNB-USDT-SWAP,230117168,1783396442641,2026-07-07 03:54:02,buy,578.5,1.0,578.5
BNB-USDT-SWAP,230117169,1783396442700,2026-07-07 03:54:02,buy,578.5,24.0,13884.0
BNB-USDT-SWAP,230117170,1783396450261,2026-07-07 03:54:10,buy,578.5,1.0,578.5
BNB-USDT-SWAP,230117171,1783396450261,2026-07-07 03:54:10,buy,578.5,2.0,1157.0
BNB-USDT-SWAP,230117172,1783396450261,2026-07-07 03:54:10,buy,578.5,17.0,9834.5
BNB-USDT-SWAP,230117173,1783396459835,2026-07-07 03:54:19,sell,578.5,63.0,36445.5
BNB-USDT-SWAP,230117174,1783396477020,2026-07-07 03:54:37,sell,578.5,1.0,578.5
BNB-USDT-SWAP,230117175,1783396477020,2026-07-07 03:54:37,sell,578.5,11.0,6363.5
BNB-USDT-SWAP,230117176,1783396477020,2026-07-07 03:54:37,sell,578.5,4.0,2314.0
BNB-USDT-SWAP,230117177,1783396477020,2026-07-07 03:54:37,sell,578.5,11.0,6363.5
BNB-USDT-SWAP,230117178,1783396478831,2026-07-07 03:54:38,sell,578.4,172.0,99484.8
BNB-USDT-SWAP,230117179,1783396500881,2026-07-07 03:55:00,sell,578.4,3.0,1735.1999999999998
BNB-USDT-SWAP,230117180,1783396501732,2026-07-07 03:55:01,buy,578.5,3.0,1735.5
BNB-USDT-SWAP,230117181,1783396503339,2026-07-07 03:55:03,buy,578.5,1.0,578.5
