symbol,trade_id,timestamp_ms,timestamp_utc,side,price,size,quote_volume
BTC-USDT-SWAP,2768484752,1783395114908,2026-07-07 03:31:54,sell,63283.4,47.41,3000265.994
BTC-USDT-SWAP,2768484753,1783395114908,2026-07-07 03:31:54,sell,63283.4,0.01,632.8340000000001
BTC-USDT-SWAP,2768484754,1783395114908,2026-07-07 03:31:54,sell,63283.4,0.01,632.8340000000001
BTC-USDT-SWAP,2768484755,1783395114908,2026-07-07 03:31:54,sell,63283.4,63.0,3986854.2
BTC-USDT-SWAP,2768484756,1783395114908,2026-07-07 03:31:54,sell,63283.4,0.31,19617.854
BTC-USDT-SWAP,2768484757,1783395114908,2026-07-07 03:31:54,sell,63283.2,0.01,632.832
BTC-USDT-SWAP,2768484758,1783395114908,2026-07-07 03:31:54,sell,63283.2,0.01,632.832
BTC-USDT-SWAP,2768484759,1783395114908,2026-07-07 03:31:54,sell,63283.1,0.01,632.831
BTC-USDT-SWAP,2768484760,1783395114908,2026-07-07 03:31:54,sell,63282.6,0.01,632.826
BTC-USDT-SWAP,2768484761,1783395114908,2026-07-07 03:31:54,sell,63282.0,0.01,632.82
BTC-USDT-SWAP,2768484762,1783395114908,2026-07-07 03:31:54,sell,63282.0,0.01,632.82
BTC-USDT-SWAP,2768484763,1783395114908,2026-07-07 03:31:54,sell,63281.5,0.01,632.815
BTC-USDT-SWAP,2768484764,1783395114908,2026-07-07 03:31:54,sell,63281.5,0.01,632.815
BTC-USDT-SWAP,2768484765,1783395114911,2026-07-07 03:31:54,sell,63281.1,0.01,632.811
BTC-USDT-SWAP,2768484766,1783395114911,2026-07-07 03:31:54,sell,63281.1,0.01,632.811
BTC-USDT-SWAP,2768484767,1783395114911,2026-07-07 03:31:54,sell,63281.1,2.38,150609.01799999998
BTC-USDT-SWAP,2768484768,1783395114911,2026-07-07 03:31:54,sell,63281.1,2.42,153140.262
BTC-USDT-SWAP,2768484769,1783395114912,2026-07-07 03:31:54,sell,63281.1,0.04,2531.244
BTC-USDT-SWAP,2768484770,1783395114912,2026-07-07 03:31:54,sell,63281.1,0.09,5695.299
BTC-USDT-SWAP,2768484771,1783395114912,2026-07-07 03:31:54,sell,63281.1,0.09,5695.299
BTC-USDT-SWAP,2768484772,1783395114913,2026-07-07 03:31:54,sell,63281.1,0.09,5695.299
BTC-USDT-SWAP,2768484773,1783395114957,2026-07-07 03:31:54,sell,63281.1,0.01,632.811
BTC-USDT-SWAP,2768484774,1783395114957,2026-07-07 03:31:54,sell,63281.1,0.01,632.811
BTC-USDT-SWAP,2768484775,1783395114957,2026-07-07 03:31:54,sell,63281.0,0.01,632.8100000000001
BTC-USDT-SWAP,2768484776,1783395114957,2026-07-07 03:31:54,sell,63280.4,0.7,44296.28
BTC-USDT-SWAP,2768484777,1783395114957,2026-07-07 03:31:54,sell,63280.4,0.01,632.804
BTC-USDT-SWAP,2768484778,1783395114957,2026-07-07 03:31:54,sell,63280.3,0.01,632.803
BTC-USDT-SWAP,2768484779,1783395114957,2026-07-07 03:31:54,sell,63280.3,2.0,126560.6
BTC-USDT-SWAP,2768484780,1783395114957,2026-07-07 03:31:54,sell,63280.2,0.01,632.802
BTC-USDT-SWAP,2768484781,1783395114962,2026-07-07 03:31:54,sell,63280.1,0.01,632.801
BTC-USDT-SWAP,2768484782,1783395114962,2026-07-07 03:31:54,sell,63280.1,0.01,632.801
BTC-USDT-SWAP,2768484783,1783395114962,2026-07-07 03:31:54,sell,63280.1,0.01,632.801
BTC-USDT-SWAP,2768484784,1783395114962,2026-07-07 03:31:54,sell,63280.1,0.06,3796.8059999999996
BTC-USDT-SWAP,2768484785,1783395114962,2026-07-07 03:31:54,sell,63280.1,0.09,5695.209
BTC-USDT-SWAP,2768484786,1783395114962,2026-07-07 03:31:54,sell,63280.1,0.09,5695.209
BTC-USDT-SWAP,2768484787,1783395114962,2026-07-07 03:31:54,sell,63280.1,0.02,1265.602
BTC-USDT-SWAP,2768484788,1783395114962,2026-07-07 03:31:54,sell,63280.1,0.04,2531.204
BTC-USDT-SWAP,2768484789,1783395114975,2026-07-07 03:31:54,sell,63280.1,0.01,632.801
BTC-USDT-SWAP,2768484790,1783395114975,2026-07-07 03:31:54,sell,63280.1,0.01,632.801
BTC-USDT-SWAP,2768484791,1783395114975,2026-07-07 03:31:54,sell,63280.1,0.7,44296.07
BTC-USDT-SWAP,2768484792,1783395115425,2026-07-07 03:31:55,sell,63280.0,0.01,632.8000000000001
BTC-USDT-SWAP,2768484793,1783395115425,2026-07-07 03:31:55,sell,63280.0,1.01,63912.8
BTC-USDT-SWAP,2768484794,1783395115432,2026-07-07 03:31:55,buy,63280.1,3.75,237300.375
BTC-USDT-SWAP,2768484795,1783395115624,2026-07-07 03:31:55,buy,63280.1,7.13,451187.11299999995
BTC-USDT-SWAP,2768484796,1783395115942,2026-07-07 03:31:55,buy,63280.1,0.01,632.801
BTC-USDT-SWAP,2768484797,1783395116250,2026-07-07 03:31:56,sell,63280.0,1.02,64545.6
BTC-USDT-SWAP,2768484798,1783395117052,2026-07-07 03:31:57,buy,63280.1,2.92,184777.892
BTC-USDT-SWAP,2768484799,1783395118420,2026-07-07 03:31:58,buy,63280.1,0.01,632.801
BTC-USDT-SWAP,2768484800,1783395118420,2026-07-07 03:31:58,buy,63280.1,0.01,632.801
BTC-USDT-SWAP,2768484801,1783395118420,2026-07-07 03:31:58,buy,63280.1,0.01,632.801
BTC-USDT-SWAP,2768484802,1783395118420,2026-07-07 03:31:58,buy,63280.1,0.01,632.801
BTC-USDT-SWAP,2768484803,1783395118420,2026-07-07 03:31:58,buy,63280.1,0.01,632.801
BTC-USDT-SWAP,2768484804,1783395118420,2026-07-07 03:31:58,buy,63280.1,0.02,1265.602
BTC-USDT-SWAP,2768484805,1783395118420,2026-07-07 03:31:58,buy,63280.1,2.3,145544.22999999998
BTC-USDT-SWAP,2768484806,1783395118422,2026-07-07 03:31:58,buy,63280.1,1.56,98716.956
BTC-USDT-SWAP,2768484807,1783395118494,2026-07-07 03:31:58,buy,63280.1,2.37,149973.837
BTC-USDT-SWAP,2768484808,1783395118498,2026-07-07 03:31:58,buy,63280.1,5.77,365126.17699999997
BTC-USDT-SWAP,2768484809,1783395118498,2026-07-07 03:31:58,buy,63280.1,0.01,632.801
BTC-USDT-SWAP,2768484810,1783395118498,2026-07-07 03:31:58,buy,63280.1,0.02,1265.602
BTC-USDT-SWAP,2768484811,1783395118498,2026-07-07 03:31:58,buy,63280.1,0.01,632.801
BTC-USDT-SWAP,2768484812,1783395118498,2026-07-07 03:31:58,buy,63280.1,0.01,632.801
BTC-USDT-SWAP,2768484813,1783395118498,2026-07-07 03:31:58,buy,63280.1,0.01,632.801
BTC-USDT-SWAP,2768484814,1783395118500,2026-07-07 03:31:58,buy,63280.2,0.01,632.802
BTC-USDT-SWAP,2768484815,1783395118500,2026-07-07 03:31:58,buy,63280.3,0.01,632.803
BTC-USDT-SWAP,2768484816,1783395118500,2026-07-07 03:31:58,buy,63280.3,0.01,632.803
BTC-USDT-SWAP,2768484817,1783395118500,2026-07-07 03:31:58,buy,63281.4,0.01,632.8140000000001
BTC-USDT-SWAP,2768484818,1783395118500,2026-07-07 03:31:58,buy,63282.3,0.01,632.8230000000001
BTC-USDT-SWAP,2768484819,1783395118500,2026-07-07 03:31:58,buy,63282.8,0.01,632.8280000000001
BTC-USDT-SWAP,2768484820,1783395118500,2026-07-07 03:31:58,buy,63283.1,0.44,27844.564
BTC-USDT-SWAP,2768484821,1783395118500,2026-07-07 03:31:58,buy,63283.2,0.01,632.832
BTC-USDT-SWAP,2768484822,1783395118500,2026-07-07 03:31:58,buy,63283.4,0.01,632.8340000000001
BTC-USDT-SWAP,2768484823,1783395118500,2026-07-07 03:31:58,buy,63283.5,0.01,632.835
BTC-USDT-SWAP,2768484824,1783395118500,2026-07-07 03:31:58,buy,63283.8,0.01,632.8380000000001
BTC-USDT-SWAP,2768484825,1783395118500,2026-07-07 03:31:58,buy,63284.1,0.01,632.841
BTC-USDT-SWAP,2768484826,1783395118500,2026-07-07 03:31:58,buy,63284.1,0.01,632.841
BTC-USDT-SWAP,2768484827,1783395118500,2026-07-07 03:31:58,buy,63284.3,0.01,632.8430000000001
BTC-USDT-SWAP,2768484828,1783395118500,2026-07-07 03:31:58,buy,63284.4,0.01,632.844
BTC-USDT-SWAP,2768484829,1783395118500,2026-07-07 03:31:58,buy,63284.5,0.01,632.845
BTC-USDT-SWAP,2768484830,1783395118500,2026-07-07 03:31:58,buy,63284.9,0.01,632.849
BTC-USDT-SWAP,2768484831,1783395118500,2026-07-07 03:31:58,buy,63285.0,0.01,632.85
BTC-USDT-SWAP,2768484832,1783395118500,2026-07-07 03:31:58,buy,63285.1,0.01,632.851
BTC-USDT-SWAP,2768484833,1783395118500,2026-07-07 03:31:58,buy,63285.6,0.01,632.856
BTC-USDT-SWAP,2768484834,1783395118500,2026-07-07 03:31:58,buy,63285.7,0.01,632.857
BTC-USDT-SWAP,2768484835,1783395118500,2026-07-07 03:31:58,buy,63285.7,0.03,1898.571
BTC-USDT-SWAP,2768484836,1783395119035,2026-07-07 03:31:59,sell,63285.6,0.01,632.856
BTC-USDT-SWAP,2768484837,1783395119038,2026-07-07 03:31:59,buy,63285.7,0.02,1265.714
BTC-USDT-SWAP,2768484838,1783395119038,2026-07-07 03:31:59,buy,63285.7,0.01,632.857
BTC-USDT-SWAP,2768484839,1783395119038,2026-07-07 03:31:59,buy,63285.7,0.01,632.857
BTC-USDT-SWAP,2768484840,1783395119038,2026-07-07 03:31:59,buy,63285.7,0.01,632.857
BTC-USDT-SWAP,2768484841,1783395119038,2026-07-07 03:31:59,buy,63285.7,0.01,632.857
BTC-USDT-SWAP,2768484842,1783395119038,2026-07-07 03:31:59,buy,63285.7,0.01,632.857
BTC-USDT-SWAP,2768484843,1783395119038,2026-07-07 03:31:59,buy,63285.7,1.02,64551.414
BTC-USDT-SWAP,2768484844,1783395119107,2026-07-07 03:31:59,buy,63285.7,0.01,632.857
BTC-USDT-SWAP,2768484845,1783395119246,2026-07-07 03:31:59,sell,63285.6,0.04,2531.424
BTC-USDT-SWAP,2768484846,1783395119637,2026-07-07 03:31:59,buy,63285.7,2.97,187958.529
BTC-USDT-SWAP,2768484847,1783395119637,2026-07-07 03:31:59,buy,63285.7,8.0,506285.6
BTC-USDT-SWAP,2768484848,1783395119637,2026-07-07 03:31:59,buy,63285.7,0.01,632.857
BTC-USDT-SWAP,2768484849,1783395119637,2026-07-07 03:31:59,buy,63285.7,0.01,632.857
BTC-USDT-SWAP,2768484850,1783395119637,2026-07-07 03:31:59,buy,63285.7,0.02,1265.714
BTC-USDT-SWAP,2768484851,1783395119637,2026-07-07 03:31:59,buy,63285.7,6.09,385409.913
BTC-USDT-SWAP,2768517988,1783396518646,2026-07-07 03:55:18,sell,63147.3,0.01,631.4730000000001
BTC-USDT-SWAP,2768517989,1783396518646,2026-07-07 03:55:18,sell,63147.1,0.01,631.471
BTC-USDT-SWAP,2768517990,1783396518646,2026-07-07 03:55:18,sell,63147.0,0.01,631.47
BTC-USDT-SWAP,2768517991,1783396518646,2026-07-07 03:55:18,sell,63147.0,0.01,631.47
BTC-USDT-SWAP,2768517992,1783396518646,2026-07-07 03:55:18,sell,63147.0,0.01,631.47
BTC-USDT-SWAP,2768517993,1783396518646,2026-07-07 03:55:18,sell,63147.0,0.01,631.47
BTC-USDT-SWAP,2768517994,1783396518646,2026-07-07 03:55:18,sell,63146.9,13.26,837327.894
BTC-USDT-SWAP,2768517995,1783396518646,2026-07-07 03:55:18,sell,63146.9,0.01,631.469
BTC-USDT-SWAP,2768517996,1783396518646,2026-07-07 03:55:18,sell,63146.8,1.59,100403.41200000001
BTC-USDT-SWAP,2768517997,1783396518646,2026-07-07 03:55:18,sell,63146.6,0.01,631.466
BTC-USDT-SWAP,2768517998,1783396518646,2026-07-07 03:55:18,sell,63146.5,0.01,631.465
BTC-USDT-SWAP,2768517999,1783396518646,2026-07-07 03:55:18,sell,63146.4,0.01,631.464
BTC-USDT-SWAP,2768518000,1783396518646,2026-07-07 03:55:18,sell,63146.4,0.01,631.464
BTC-USDT-SWAP,2768518001,1783396518646,2026-07-07 03:55:18,sell,63146.4,0.01,631.464
BTC-USDT-SWAP,2768518002,1783396518646,2026-07-07 03:55:18,sell,63146.3,1.59,100402.61700000001
BTC-USDT-SWAP,2768518003,1783396518646,2026-07-07 03:55:18,sell,63146.1,0.01,631.461
BTC-USDT-SWAP,2768518004,1783396518646,2026-07-07 03:55:18,sell,63146.1,0.01,631.461
BTC-USDT-SWAP,2768518005,1783396518646,2026-07-07 03:55:18,sell,63146.1,0.5,31573.05
BTC-USDT-SWAP,2768518006,1783396518646,2026-07-07 03:55:18,sell,63146.0,0.06,3788.7599999999998
BTC-USDT-SWAP,2768518007,1783396518646,2026-07-07 03:55:18,sell,63146.0,0.03,1894.3799999999999
BTC-USDT-SWAP,2768518008,1783396518646,2026-07-07 03:55:18,sell,63146.0,0.04,2525.84
BTC-USDT-SWAP,2768518009,1783396518646,2026-07-07 03:55:18,sell,63145.9,0.01,631.4590000000001
BTC-USDT-SWAP,2768518010,1783396518646,2026-07-07 03:55:18,sell,63145.9,0.02,1262.9180000000001
BTC-USDT-SWAP,2768518011,1783396518646,2026-07-07 03:55:18,sell,63145.9,0.41,25889.819
BTC-USDT-SWAP,2768518012,1783396518646,2026-07-07 03:55:18,sell,63145.9,0.16,10103.344000000001
BTC-USDT-SWAP,2768518013,1783396518646,2026-07-07 03:55:18,sell,63145.8,0.05,3157.2900000000004
BTC-USDT-SWAP,2768518014,1783396518646,2026-07-07 03:55:18,sell,63145.8,0.01,631.4580000000001
BTC-USDT-SWAP,2768518015,1783396518646,2026-07-07 03:55:18,sell,63145.8,0.01,631.4580000000001
BTC-USDT-SWAP,2768518016,1783396518646,2026-07-07 03:55:18,sell,63145.7,0.4,25258.28
BTC-USDT-SWAP,2768518017,1783396518646,2026-07-07 03:55:18,sell,63145.7,0.41,25889.736999999997
BTC-USDT-SWAP,2768518018,1783396518646,2026-07-07 03:55:18,sell,63145.7,1.59,100401.663
BTC-USDT-SWAP,2768518019,1783396518646,2026-07-07 03:55:18,sell,63145.6,0.01,631.456
BTC-USDT-SWAP,2768518020,1783396518646,2026-07-07 03:55:18,sell,63145.5,0.01,631.455
BTC-USDT-SWAP,2768518021,1783396518646,2026-07-07 03:55:18,sell,63145.4,0.01,631.4540000000001
BTC-USDT-SWAP,2768518022,1783396518646,2026-07-07 03:55:18,sell,63145.3,0.01,631.4530000000001
BTC-USDT-SWAP,2768518023,1783396518646,2026-07-07 03:55:18,sell,63145.3,0.31,19575.043
BTC-USDT-SWAP,2768518024,1783396518646,2026-07-07 03:55:18,sell,63145.3,3.09,195118.977
BTC-USDT-SWAP,2768518025,1783396518646,2026-07-07 03:55:18,sell,63145.2,0.01,631.452
BTC-USDT-SWAP,2768518026,1783396518646,2026-07-07 03:55:18,sell,63145.2,0.4,25258.08
BTC-USDT-SWAP,2768518027,1783396518646,2026-07-07 03:55:18,sell,63145.1,0.01,631.451
BTC-USDT-SWAP,2768518028,1783396518646,2026-07-07 03:55:18,sell,63145.1,0.02,1262.902
BTC-USDT-SWAP,2768518029,1783396518646,2026-07-07 03:55:18,sell,63145.0,0.01,631.45
BTC-USDT-SWAP,2768518030,1783396518646,2026-07-07 03:55:18,sell,63145.0,0.02,1262.9
BTC-USDT-SWAP,2768518031,1783396518646,2026-07-07 03:55:18,sell,63145.0,0.1,6314.5
BTC-USDT-SWAP,2768518032,1783396518646,2026-07-07 03:55:18,sell,63145.0,11.16,704698.2
BTC-USDT-SWAP,2768518033,1783396518646,2026-07-07 03:55:18,sell,63145.0,6.33,399707.85
BTC-USDT-SWAP,2768518034,1783396518646,2026-07-07 03:55:18,sell,63144.9,2.37,149653.413
BTC-USDT-SWAP,2768518035,1783396518646,2026-07-07 03:55:18,sell,63144.8,95.78,6048008.944
BTC-USDT-SWAP,2768518036,1783396518646,2026-07-07 03:55:18,sell,63144.7,0.01,631.447
BTC-USDT-SWAP,2768518037,1783396518646,2026-07-07 03:55:18,sell,63144.7,86.93,5489168.771
BTC-USDT-SWAP,2768518038,1783396518646,2026-07-07 03:55:18,sell,63144.6,0.01,631.446
BTC-USDT-SWAP,2768518039,1783396518646,2026-07-07 03:55:18,sell,63144.6,1.59,100399.914
BTC-USDT-SWAP,2768518040,1783396518646,2026-07-07 03:55:18,sell,63144.4,0.01,631.4440000000001
BTC-USDT-SWAP,2768518041,1783396518646,2026-07-07 03:55:18,sell,63144.4,1.0,63144.4
BTC-USDT-SWAP,2768518042,1783396518646,2026-07-07 03:55:18,sell,63144.1,0.01,631.441
BTC-USDT-SWAP,2768518043,1783396518646,2026-07-07 03:55:18,sell,63144.1,0.15,9471.615
BTC-USDT-SWAP,2768518044,1783396518646,2026-07-07 03:55:18,sell,63144.0,0.01,631.44
BTC-USDT-SWAP,2768518045,1783396518646,2026-07-07 03:55:18,sell,63144.0,0.01,631.44
BTC-USDT-SWAP,2768518046,1783396518646,2026-07-07 03:55:18,sell,63143.9,0.01,631.4390000000001
BTC-USDT-SWAP,2768518047,1783396518646,2026-07-07 03:55:18,sell,63143.9,1.59,100398.801
BTC-USDT-SWAP,2768518048,1783396518646,2026-07-07 03:55:18,sell,63143.8,1.0,63143.8
BTC-USDT-SWAP,2768518049,1783396518646,2026-07-07 03:55:18,sell,63143.7,0.01,631.437
BTC-USDT-SWAP,2768518050,1783396518646,2026-07-07 03:55:18,sell,63143.7,0.01,631.437
BTC-USDT-SWAP,2768518051,1783396518646,2026-07-07 03:55:18,sell,63143.7,0.02,1262.874
BTC-USDT-SWAP,2768518052,1783396518646,2026-07-07 03:55:18,sell,63143.6,0.22,13891.592
BTC-USDT-SWAP,2768518053,1783396518646,2026-07-07 03:55:18,sell,63143.6,10.81,682582.316
BTC-USDT-SWAP,2768518054,1783396518646,2026-07-07 03:55:18,sell,63143.5,0.01,631.4350000000001
BTC-USDT-SWAP,2768518055,1783396518646,2026-07-07 03:55:18,sell,63143.5,24.0,1515444.0
BTC-USDT-SWAP,2768518056,1783396518646,2026-07-07 03:55:18,sell,63143.4,1.59,100398.00600000001
BTC-USDT-SWAP,2768518057,1783396518646,2026-07-07 03:55:18,sell,63143.3,4.08,257624.66400000002
BTC-USDT-SWAP,2768518058,1783396518646,2026-07-07 03:55:18,sell,63143.2,0.01,631.432
BTC-USDT-SWAP,2768518059,1783396518646,2026-07-07 03:55:18,sell,63143.1,1.2,75771.72
BTC-USDT-SWAP,2768518060,1783396518646,2026-07-07 03:55:18,sell,63143.1,15.84,1000186.7039999999
BTC-USDT-SWAP,2768518061,1783396518646,2026-07-07 03:55:18,sell,63143.0,0.01,631.4300000000001
BTC-USDT-SWAP,2768518062,1783396518646,2026-07-07 03:55:18,sell,63143.0,19.69,1243285.6700000002
BTC-USDT-SWAP,2768518063,1783396518646,2026-07-07 03:55:18,sell,63142.9,56.67,3578308.143
BTC-USDT-SWAP,2768518064,1783396518646,2026-07-07 03:55:18,sell,63142.9,0.37,23362.873
BTC-USDT-SWAP,2768518065,1783396518646,2026-07-07 03:55:18,sell,63142.9,1.27,80191.48300000001
BTC-USDT-SWAP,2768518066,1783396518646,2026-07-07 03:55:18,sell,63142.9,1.59,100397.21100000001
BTC-USDT-SWAP,2768518067,1783396518646,2026-07-07 03:55:18,sell,63142.7,0.01,631.427
BTC-USDT-SWAP,2768518068,1783396518646,2026-07-07 03:55:18,sell,63142.6,0.01,631.426
BTC-USDT-SWAP,2768518069,1783396518646,2026-07-07 03:55:18,sell,63142.6,63.39,4002609.414
BTC-USDT-SWAP,2768518070,1783396518646,2026-07-07 03:55:18,sell,63142.5,21.7,1370192.25
BTC-USDT-SWAP,2768518071,1783396518646,2026-07-07 03:55:18,sell,63142.5,21.62,1365140.85
BTC-USDT-SWAP,2768518072,1783396518646,2026-07-07 03:55:18,sell,63142.5,0.31,19574.175
BTC-USDT-SWAP,2768518073,1783396518646,2026-07-07 03:55:18,sell,63142.5,27.65,1745890.125
BTC-USDT-SWAP,2768518074,1783396518646,2026-07-07 03:55:18,sell,63142.5,27.73,1750941.5250000001
BTC-USDT-SWAP,2768518075,1783396518646,2026-07-07 03:55:18,sell,63142.5,1.59,100396.57500000001
BTC-USDT-SWAP,2768518076,1783396518646,2026-07-07 03:55:18,sell,63142.5,1.2,75771.0
BTC-USDT-SWAP,2768518077,1783396518646,2026-07-07 03:55:18,sell,63142.4,0.01,631.424
BTC-USDT-SWAP,2768518078,1783396518646,2026-07-07 03:55:18,sell,63142.4,0.01,631.424
BTC-USDT-SWAP,2768518079,1783396518646,2026-07-07 03:55:18,sell,63142.4,0.01,631.424
BTC-USDT-SWAP,2768518080,1783396518646,2026-07-07 03:55:18,sell,63142.3,0.01,631.423
BTC-USDT-SWAP,2768518081,1783396518646,2026-07-07 03:55:18,sell,63142.2,7.79,491877.73799999995
BTC-USDT-SWAP,2768518082,1783396518646,2026-07-07 03:55:18,sell,63142.2,51.87,3275185.914
BTC-USDT-SWAP,2768518083,1783396518656,2026-07-07 03:55:18,buy,63142.3,0.05,3157.1150000000002
BTC-USDT-SWAP,2768518084,1783396519148,2026-07-07 03:55:19,buy,63142.3,4.39,277194.697
BTC-USDT-SWAP,2768518085,1783396519401,2026-07-07 03:55:19,buy,63142.3,1.09,68825.107
BTC-USDT-SWAP,2768518086,1783396520204,2026-07-07 03:55:20,sell,63142.2,0.22,13891.284
BTC-USDT-SWAP,2768518087,1783396520358,2026-07-07 03:55:20,sell,63142.2,0.03,1894.2659999999998
BTC-USDT-SWAP,2768552082,1783398222302,2026-07-07 04:23:42,sell,63150.0,0.36,22734.0
BTC-USDT-SWAP,2768552083,1783398222302,2026-07-07 04:23:42,sell,63150.0,0.02,1263.0
BTC-USDT-SWAP,2768552084,1783398222302,2026-07-07 04:23:42,sell,63150.0,0.01,631.5
BTC-USDT-SWAP,2768552085,1783398222302,2026-07-07 04:23:42,sell,63150.0,0.07,4420.5
BTC-USDT-SWAP,2768552086,1783398222302,2026-07-07 04:23:42,sell,63150.0,0.01,631.5
BTC-USDT-SWAP,2768552087,1783398222302,2026-07-07 04:23:42,sell,63150.0,0.01,631.5
BTC-USDT-SWAP,2768552088,1783398222302,2026-07-07 04:23:42,sell,63150.0,0.02,1263.0
BTC-USDT-SWAP,2768552089,1783398222302,2026-07-07 04:23:42,sell,63150.0,0.09,5683.5
BTC-USDT-SWAP,2768552090,1783398222302,2026-07-07 04:23:42,sell,63150.0,0.01,631.5
BTC-USDT-SWAP,2768552091,1783398222302,2026-07-07 04:23:42,sell,63150.0,0.01,631.5
BTC-USDT-SWAP,2768552092,1783398222302,2026-07-07 04:23:42,sell,63150.0,0.05,3157.5
BTC-USDT-SWAP,2768552093,1783398222302,2026-07-07 04:23:42,sell,63150.0,0.01,631.5
BTC-USDT-SWAP,2768552094,1783398222302,2026-07-07 04:23:42,sell,63150.0,0.01,631.5
BTC-USDT-SWAP,2768552095,1783398222302,2026-07-07 04:23:42,sell,63150.0,0.01,631.5
BTC-USDT-SWAP,2768552096,1783398222302,2026-07-07 04:23:42,sell,63150.0,0.01,631.5
BTC-USDT-SWAP,2768552097,1783398222302,2026-07-07 04:23:42,sell,63150.0,1.08,68202.0
BTC-USDT-SWAP,2768552098,1783398222302,2026-07-07 04:23:42,sell,63150.0,0.01,631.5
BTC-USDT-SWAP,2768552099,1783398222302,2026-07-07 04:23:42,sell,63150.0,0.01,631.5
BTC-USDT-SWAP,2768552100,1783398222302,2026-07-07 04:23:42,sell,63150.0,0.3,18945.0
BTC-USDT-SWAP,2768552101,1783398222302,2026-07-07 04:23:42,sell,63150.0,0.02,1263.0
BTC-USDT-SWAP,2768552102,1783398222302,2026-07-07 04:23:42,sell,63150.0,0.08,5052.0
BTC-USDT-SWAP,2768552103,1783398222302,2026-07-07 04:23:42,sell,63150.0,0.01,631.5
BTC-USDT-SWAP,2768552104,1783398222302,2026-07-07 04:23:42,sell,63150.0,0.02,1263.0
BTC-USDT-SWAP,2768552105,1783398222302,2026-07-07 04:23:42,sell,63150.0,0.23,14524.5
BTC-USDT-SWAP,2768552106,1783398222302,2026-07-07 04:23:42,sell,63150.0,0.12,7578.0
BTC-USDT-SWAP,2768552107,1783398222302,2026-07-07 04:23:42,sell,63150.0,0.02,1263.0
BTC-USDT-SWAP,2768552108,1783398222302,2026-07-07 04:23:42,sell,63150.0,0.3,18945.0
BTC-USDT-SWAP,2768552109,1783398222302,2026-07-07 04:23:42,sell,63150.0,4.67,294910.5
BTC-USDT-SWAP,2768552110,1783398222302,2026-07-07 04:23:42,sell,63150.0,2.37,149665.5
BTC-USDT-SWAP,2768552111,1783398222302,2026-07-07 04:23:42,sell,63150.0,0.23,14524.5
BTC-USDT-SWAP,2768552112,1783398222302,2026-07-07 04:23:42,sell,63150.0,5.51,347956.5
BTC-USDT-SWAP,2768552113,1783398222302,2026-07-07 04:23:42,sell,63150.0,0.81,51151.5
BTC-USDT-SWAP,2768552114,1783398222302,2026-07-07 04:23:42,sell,63150.0,111.85,7063327.5
BTC-USDT-SWAP,2768552115,1783398222309,2026-07-07 04:23:42,buy,63150.1,31.44,1985439.144
BTC-USDT-SWAP,2768552116,1783398222833,2026-07-07 04:23:42,buy,63150.1,0.02,1263.002
BTC-USDT-SWAP,2768552117,1783398223120,2026-07-07 04:23:43,buy,63150.1,0.01,631.501
BTC-USDT-SWAP,2768552118,1783398223161,2026-07-07 04:23:43,buy,63150.1,6.65,419948.16500000004
BTC-USDT-SWAP,2768552119,1783398223169,2026-07-07 04:23:43,buy,63150.1,0.07,4420.5070000000005
BTC-USDT-SWAP,2768552120,1783398223169,2026-07-07 04:23:43,buy,63150.1,0.07,4420.5070000000005
BTC-USDT-SWAP,2768552121,1783398223169,2026-07-07 04:23:43,buy,63150.1,0.07,4420.5070000000005
BTC-USDT-SWAP,2768552122,1783398223169,2026-07-07 04:23:43,buy,63150.1,0.07,4420.5070000000005
BTC-USDT-SWAP,2768552123,1783398223169,2026-07-07 04:23:43,buy,63150.1,0.07,4420.5070000000005
BTC-USDT-SWAP,2768552124,1783398223513,2026-07-07 04:23:43,sell,63150.0,0.01,631.5
BTC-USDT-SWAP,2768552125,1783398223809,2026-07-07 04:23:43,buy,63150.1,0.01,631.501
BTC-USDT-SWAP,2768552126,1783398223809,2026-07-07 04:23:43,buy,63150.1,0.01,631.501
BTC-USDT-SWAP,2768552127,1783398223809,2026-07-07 04:23:43,buy,63150.1,3.17,200185.81699999998
BTC-USDT-SWAP,2768552128,1783398223823,2026-07-07 04:23:43,buy,63150.1,1.5,94725.15
BTC-USDT-SWAP,2768552129,1783398224158,2026-07-07 04:23:44,sell,63150.0,0.07,4420.5
BTC-USDT-SWAP,2768552130,1783398224461,2026-07-07 04:23:44,buy,63150.1,1.59,100408.659
BTC-USDT-SWAP,2768552131,1783398225211,2026-07-07 04:23:45,sell,63150.0,119.87,7569790.5
BTC-USDT-SWAP,2768552132,1783398226417,2026-07-07 04:23:46,buy,63150.1,5.1,322065.50999999995
BTC-USDT-SWAP,2768552133,1783398226774,2026-07-07 04:23:46,sell,63150.0,0.02,1263.0
BTC-USDT-SWAP,2768552134,1783398226860,2026-07-07 04:23:46,sell,63150.0,0.03,1894.5
BTC-USDT-SWAP,2768552135,1783398226977,2026-07-07 04:23:46,buy,63150.1,0.94,59361.094
BTC-USDT-SWAP,2768552136,1783398227136,2026-07-07 04:23:47,sell,63150.0,0.01,631.5
BTC-USDT-SWAP,2768552137,1783398227379,2026-07-07 04:23:47,sell,63150.0,1.5,94725.0
BTC-USDT-SWAP,2768552138,1783398227945,2026-07-07 04:23:47,buy,63150.1,0.79,49888.579
BTC-USDT-SWAP,2768552139,1783398228050,2026-07-07 04:23:48,buy,63150.1,2.09,131983.70899999997
BTC-USDT-SWAP,2768552140,1783398228186,2026-07-07 04:23:48,sell,63150.0,0.09,5683.5
BTC-USDT-SWAP,2768552141,1783398228295,2026-07-07 04:23:48,sell,63150.0,0.47,29680.5
BTC-USDT-SWAP,2768552142,1783398228523,2026-07-07 04:23:48,sell,63150.0,0.04,2526.0
BTC-USDT-SWAP,2768552143,1783398228859,2026-07-07 04:23:48,sell,63150.0,0.04,2526.0
BTC-USDT-SWAP,2768552144,1783398228871,2026-07-07 04:23:48,buy,63150.1,10.42,658024.042
BTC-USDT-SWAP,2768552145,1783398229106,2026-07-07 04:23:49,sell,63150.0,0.03,1894.5
BTC-USDT-SWAP,2768552146,1783398229131,2026-07-07 04:23:49,sell,63150.0,10.27,648550.5
BTC-USDT-SWAP,2768552147,1783398229931,2026-07-07 04:23:49,sell,63150.0,0.03,1894.5
BTC-USDT-SWAP,2768552148,1783398230095,2026-07-07 04:23:50,buy,63150.1,0.01,631.501
BTC-USDT-SWAP,2768552149,1783398230095,2026-07-07 04:23:50,buy,63150.1,0.01,631.501
BTC-USDT-SWAP,2768552150,1783398230095,2026-07-07 04:23:50,buy,63150.1,0.03,1894.503
BTC-USDT-SWAP,2768552151,1783398230678,2026-07-07 04:23:50,sell,63150.0,0.01,631.5
BTC-USDT-SWAP,2768552152,1783398231242,2026-07-07 04:23:51,sell,63150.0,0.02,1263.0
BTC-USDT-SWAP,2768552153,1783398231696,2026-07-07 04:23:51,buy,63150.1,0.82,51783.081999999995
BTC-USDT-SWAP,2768552154,1783398233201,2026-07-07 04:23:53,buy,63150.1,0.01,631.501
BTC-USDT-SWAP,2768552155,1783398233661,2026-07-07 04:23:53,sell,63150.0,0.01,631.5
BTC-USDT-SWAP,2768552156,1783398233696,2026-07-07 04:23:53,buy,63150.1,0.02,1263.002
BTC-USDT-SWAP,2768552157,1783398233706,2026-07-07 04:23:53,sell,63150.0,0.02,1263.0
BTC-USDT-SWAP,2768552158,1783398234046,2026-07-07 04:23:54,buy,63150.1,1.59,100408.659
BTC-USDT-SWAP,2768552159,1783398234455,2026-07-07 04:23:54,sell,63150.0,33.72,2129418.0
BTC-USDT-SWAP,2768552160,1783398234562,2026-07-07 04:23:54,buy,63150.1,0.12,7578.012
BTC-USDT-SWAP,2768552161,1783398235409,2026-07-07 04:23:55,sell,63150.0,0.43,27154.5
BTC-USDT-SWAP,2768552162,1783398235510,2026-07-07 04:23:55,sell,63150.0,0.01,631.5
BTC-USDT-SWAP,2768552163,1783398235518,2026-07-07 04:23:55,sell,63150.0,49.74,3141081.0
BTC-USDT-SWAP,2768552164,1783398235885,2026-07-07 04:23:55,sell,63150.0,0.02,1263.0
BTC-USDT-SWAP,2768552165,1783398235899,2026-07-07 04:23:55,sell,63150.0,0.01,631.5
BTC-USDT-SWAP,2768552166,1783398236014,2026-07-07 04:23:56,buy,63150.1,5.33,336590.033
BTC-USDT-SWAP,2768552167,1783398236014,2026-07-07 04:23:56,buy,63150.1,0.01,631.501
BTC-USDT-SWAP,2768552168,1783398236014,2026-07-07 04:23:56,buy,63150.1,0.21,13261.520999999999
BTC-USDT-SWAP,2768552169,1783398236014,2026-07-07 04:23:56,buy,63150.1,0.45,28417.545
BTC-USDT-SWAP,2768552170,1783398236217,2026-07-07 04:23:56,buy,63150.1,1.0,63150.1
BTC-USDT-SWAP,2768552171,1783398237054,2026-07-07 04:23:57,buy,63150.1,0.04,2526.004
BTC-USDT-SWAP,2768552172,1783398237054,2026-07-07 04:23:57,buy,63150.1,0.07,4420.5070000000005
BTC-USDT-SWAP,2768552173,1783398237106,2026-07-07 04:23:57,buy,63150.1,1.63,102934.66299999999
BTC-USDT-SWAP,2768552174,1783398237236,2026-07-07 04:23:57,sell,63150.0,1.12,70728.0
BTC-USDT-SWAP,2768552175,1783398237574,2026-07-07 04:23:57,buy,63150.1,0.02,1263.002
BTC-USDT-SWAP,2768552176,1783398237651,2026-07-07 04:23:57,buy,63150.1,0.08,5052.008
BTC-USDT-SWAP,2768552177,1783398237651,2026-07-07 04:23:57,buy,63150.1,0.12,7578.012
BTC-USDT-SWAP,2768552178,1783398237651,2026-07-07 04:23:57,buy,63150.1,0.3,18945.03
BTC-USDT-SWAP,2768552179,1783398237651,2026-07-07 04:23:57,buy,63150.1,0.01,631.501
BTC-USDT-SWAP,2768552180,1783398237651,2026-07-07 04:23:57,buy,63150.1,2.14,135141.214
BTC-USDT-SWAP,2768552181,1783398237932,2026-07-07 04:23:57,buy,63150.1,0.61,38521.561
BTC-USDT-SWAP,2768552182,1783398238412,2026-07-07 04:23:58,sell,63150.0,0.01,631.5
BTC-USDT-SWAP,2768552183,1783398238771,2026-07-07 04:23:58,sell,63150.0,0.01,631.5
BTC-USDT-SWAP,2768552184,1783398239090,2026-07-07 04:23:59,buy,63150.1,0.02,1263.002
BTC-USDT-SWAP,2768552185,1783398239090,2026-07-07 04:23:59,buy,63150.1,0.18,11367.018
BTC-USDT-SWAP,2768552186,1783398239090,2026-07-07 04:23:59,buy,63150.1,0.35,22102.535
BTC-USDT-SWAP,2768552187,1783398239090,2026-07-07 04:23:59,buy,63150.1,0.18,11367.018
BTC-USDT-SWAP,2768552188,1783398239090,2026-07-07 04:23:59,buy,63150.1,0.09,5683.509
BTC-USDT-SWAP,2768552189,1783398239090,2026-07-07 04:23:59,buy,63150.1,0.01,631.501
BTC-USDT-SWAP,2768552190,1783398239090,2026-07-07 04:23:59,buy,63150.1,0.11,6946.5109999999995
BTC-USDT-SWAP,2768552191,1783398239090,2026-07-07 04:23:59,buy,63150.1,0.01,631.501
BTC-USDT-SWAP,2768552192,1783398239090,2026-07-07 04:23:59,buy,63150.1,0.01,631.501
BTC-USDT-SWAP,2768552193,1783398239090,2026-07-07 04:23:59,buy,63150.1,0.01,631.501
BTC-USDT-SWAP,2768552194,1783398239090,2026-07-07 04:23:59,buy,63150.1,0.01,631.501
BTC-USDT-SWAP,2768552195,1783398239090,2026-07-07 04:23:59,buy,63150.1,15.68,990193.568
BTC-USDT-SWAP,2768552196,1783398239802,2026-07-07 04:23:59,buy,63150.1,6.72,424368.67199999996
BTC-USDT-SWAP,2768552197,1783398240024,2026-07-07 04:24:00,buy,63150.1,1.61,101671.66100000001
BTC-USDT-SWAP,2768552198,1783398240645,2026-07-07 04:24:00,sell,63150.0,0.02,1263.0
BTC-USDT-SWAP,2768552199,1783398240730,2026-07-07 04:24:00,sell,63150.0,1.43,90304.5
BTC-USDT-SWAP,2768552200,1783398241018,2026-07-07 04:24:01,sell,63150.0,0.02,1263.0
BTC-USDT-SWAP,2768552201,1783398241445,2026-07-07 04:24:01,sell,63150.0,13.34,842421.0
BTC-USDT-SWAP,2768552202,1783398241446,2026-07-07 04:24:01,sell,63150.0,0.03,1894.5
BTC-USDT-SWAP,2768552259,1783398242103,2026-07-07 04:24:02,buy,63155.1,0.02,1263.102
BTC-USDT-SWAP,2768552260,1783398242106,2026-07-07 04:24:02,buy,63155.2,0.01,631.552
BTC-USDT-SWAP,2768552261,1783398242106,2026-07-07 04:24:02,buy,63155.6,0.01,631.556
BTC-USDT-SWAP,2768552262,1783398242106,2026-07-07 04:24:02,buy,63155.9,0.01,631.5590000000001
BTC-USDT-SWAP,2768552263,1783398242106,2026-07-07 04:24:02,buy,63156.0,0.01,631.5600000000001
BTC-USDT-SWAP,2768552264,1783398242106,2026-07-07 04:24:02,buy,63156.0,0.03,1894.6799999999998
BTC-USDT-SWAP,2768552265,1783398242106,2026-07-07 04:24:02,buy,63156.1,0.5,31578.05
BTC-USDT-SWAP,2768552266,1783398242106,2026-07-07 04:24:02,buy,63156.2,0.01,631.562
BTC-USDT-SWAP,2768552267,1783398242106,2026-07-07 04:24:02,buy,63156.3,0.01,631.563
BTC-USDT-SWAP,2768552268,1783398242106,2026-07-07 04:24:02,buy,63156.3,0.01,631.563
BTC-USDT-SWAP,2768552269,1783398242106,2026-07-07 04:24:02,buy,63156.6,0.01,631.566
BTC-USDT-SWAP,2768552270,1783398242106,2026-07-07 04:24:02,buy,63156.8,0.01,631.5680000000001
BTC-USDT-SWAP,2768552271,1783398242107,2026-07-07 04:24:02,buy,63156.9,0.01,631.5690000000001
BTC-USDT-SWAP,2768552272,1783398242107,2026-07-07 04:24:02,buy,63156.9,0.99,62525.331
BTC-USDT-SWAP,2768552273,1783398242109,2026-07-07 04:24:02,buy,63156.9,0.41,25894.328999999998
BTC-USDT-SWAP,2768552274,1783398242109,2026-07-07 04:24:02,buy,63156.9,0.02,1263.1380000000001
BTC-USDT-SWAP,2768552275,1783398242109,2026-07-07 04:24:02,buy,63156.9,0.01,631.5690000000001
BTC-USDT-SWAP,2768552276,1783398242109,2026-07-07 04:24:02,buy,63156.9,0.01,631.5690000000001
BTC-USDT-SWAP,2768552277,1783398242111,2026-07-07 04:24:02,buy,63157.0,0.09,5684.13
BTC-USDT-SWAP,2768552278,1783398242111,2026-07-07 04:24:02,buy,63157.0,0.05,3157.8500000000004
BTC-USDT-SWAP,2768552279,1783398242111,2026-07-07 04:24:02,buy,63157.0,0.09,5684.13
BTC-USDT-SWAP,2768552280,1783398242152,2026-07-07 04:24:02,buy,63157.0,0.01,631.57
BTC-USDT-SWAP,2768552281,1783398242152,2026-07-07 04:24:02,buy,63157.0,0.01,631.57
BTC-USDT-SWAP,2768552282,1783398242152,2026-07-07 04:24:02,buy,63157.0,0.5,31578.5
BTC-USDT-SWAP,2768552283,1783398242152,2026-07-07 04:24:02,buy,63157.0,0.01,631.57
BTC-USDT-SWAP,2768552284,1783398242152,2026-07-07 04:24:02,buy,63157.0,0.01,631.57
BTC-USDT-SWAP,2768552285,1783398242152,2026-07-07 04:24:02,buy,63157.0,0.01,631.57
BTC-USDT-SWAP,2768552286,1783398242152,2026-07-07 04:24:02,buy,63157.1,0.01,631.571
BTC-USDT-SWAP,2768552287,1783398242152,2026-07-07 04:24:02,buy,63157.3,1.0,63157.3
BTC-USDT-SWAP,2768552288,1783398242152,2026-07-07 04:24:02,buy,63157.9,0.01,631.5790000000001
BTC-USDT-SWAP,2768552289,1783398242152,2026-07-07 04:24:02,buy,63158.0,0.01,631.58
BTC-USDT-SWAP,2768552290,1783398242152,2026-07-07 04:24:02,buy,63158.4,0.01,631.5840000000001
BTC-USDT-SWAP,2768552291,1783398242152,2026-07-07 04:24:02,buy,63158.4,0.01,631.5840000000001
BTC-USDT-SWAP,2768552292,1783398242152,2026-07-07 04:24:02,buy,63158.5,0.01,631.585
BTC-USDT-SWAP,2768552293,1783398242152,2026-07-07 04:24:02,buy,63158.7,0.01,631.587
BTC-USDT-SWAP,2768552294,1783398242152,2026-07-07 04:24:02,buy,63158.8,0.02,1263.1760000000002
BTC-USDT-SWAP,2768552295,1783398242154,2026-07-07 04:24:02,sell,63158.8,0.09,5684.292
BTC-USDT-SWAP,2768552296,1783398242154,2026-07-07 04:24:02,sell,63158.8,0.02,1263.1760000000002
BTC-USDT-SWAP,2768552297,1783398242157,2026-07-07 04:24:02,buy,63158.9,0.01,631.589
BTC-USDT-SWAP,2768552298,1783398242157,2026-07-07 04:24:02,buy,63158.9,0.01,631.589
BTC-USDT-SWAP,2768552299,1783398242157,2026-07-07 04:24:02,buy,63158.9,0.01,631.589
BTC-USDT-SWAP,2768552300,1783398242157,2026-07-07 04:24:02,buy,63158.9,0.02,1263.178
BTC-USDT-SWAP,2768552301,1783398242157,2026-07-07 04:24:02,buy,63158.9,0.02,1263.178
BTC-USDT-SWAP,2768552302,1783398242157,2026-07-07 04:24:02,buy,63159.0,0.01,631.59
BTC-USDT-SWAP,2768552303,1783398242157,2026-07-07 04:24:02,buy,63159.3,0.01,631.5930000000001
BTC-USDT-SWAP,2768552304,1783398242157,2026-07-07 04:24:02,buy,63159.4,0.01,631.594
BTC-USDT-SWAP,2768552305,1783398242157,2026-07-07 04:24:02,buy,63159.4,0.22,13895.068000000001
BTC-USDT-SWAP,2768552306,1783398242157,2026-07-07 04:24:02,buy,63159.6,0.01,631.596
BTC-USDT-SWAP,2768552307,1783398242157,2026-07-07 04:24:02,buy,63159.6,0.02,1263.192
BTC-USDT-SWAP,2768552308,1783398242157,2026-07-07 04:24:02,buy,63159.8,0.01,631.5980000000001
BTC-USDT-SWAP,2768552309,1783398242410,2026-07-07 04:24:02,buy,63160.0,0.01,631.6
BTC-USDT-SWAP,2768552310,1783398242410,2026-07-07 04:24:02,buy,63160.0,0.01,631.6
BTC-USDT-SWAP,2768552311,1783398242410,2026-07-07 04:24:02,buy,63160.0,0.01,631.6
BTC-USDT-SWAP,2768552312,1783398242410,2026-07-07 04:24:02,buy,63160.0,0.01,631.6
BTC-USDT-SWAP,2768552313,1783398242410,2026-07-07 04:24:02,buy,63160.0,0.5,31580.0
BTC-USDT-SWAP,2768552314,1783398242410,2026-07-07 04:24:02,buy,63160.0,0.01,631.6
BTC-USDT-SWAP,2768552315,1783398242410,2026-07-07 04:24:02,buy,63160.0,0.01,631.6
BTC-USDT-SWAP,2768552316,1783398242410,2026-07-07 04:24:02,buy,63160.0,0.01,631.6
BTC-USDT-SWAP,2768552317,1783398242410,2026-07-07 04:24:02,buy,63160.0,0.01,631.6
BTC-USDT-SWAP,2768552318,1783398242410,2026-07-07 04:24:02,buy,63160.0,0.01,631.6
BTC-USDT-SWAP,2768552319,1783398242410,2026-07-07 04:24:02,buy,63160.0,0.02,1263.2
BTC-USDT-SWAP,2768552320,1783398242410,2026-07-07 04:24:02,buy,63160.0,0.23,14526.800000000001
BTC-USDT-SWAP,2768552321,1783398242410,2026-07-07 04:24:02,buy,63160.1,0.01,631.601
BTC-USDT-SWAP,2768552322,1783398242410,2026-07-07 04:24:02,buy,63160.1,0.03,1894.8029999999999
BTC-USDT-SWAP,2768552323,1783398242410,2026-07-07 04:24:02,buy,63160.5,0.01,631.605
BTC-USDT-SWAP,2768552324,1783398242410,2026-07-07 04:24:02,buy,63160.8,0.02,1263.2160000000001
BTC-USDT-SWAP,2768552325,1783398242412,2026-07-07 04:24:02,buy,63161.6,0.01,631.616
BTC-USDT-SWAP,2768552326,1783398242412,2026-07-07 04:24:02,buy,63161.6,0.01,631.616
BTC-USDT-SWAP,2768552327,1783398242412,2026-07-07 04:24:02,buy,63161.6,0.01,631.616
BTC-USDT-SWAP,2768552328,1783398242412,2026-07-07 04:24:02,buy,63161.7,0.01,631.617
BTC-USDT-SWAP,2768552329,1783398242412,2026-07-07 04:24:02,buy,63161.7,0.01,631.617
BTC-USDT-SWAP,2768552330,1783398242412,2026-07-07 04:24:02,buy,63161.7,0.02,1263.234
BTC-USDT-SWAP,2768552331,1783398242412,2026-07-07 04:24:02,buy,63161.7,0.01,631.617
BTC-USDT-SWAP,2768552332,1783398242412,2026-07-07 04:24:02,buy,63161.9,0.01,631.619
BTC-USDT-SWAP,2768552333,1783398242412,2026-07-07 04:24:02,buy,63162.0,0.03,1894.86
BTC-USDT-SWAP,2768552334,1783398242412,2026-07-07 04:24:02,buy,63162.1,0.01,631.621
BTC-USDT-SWAP,2768552335,1783398242412,2026-07-07 04:24:02,buy,63162.2,0.01,631.622
BTC-USDT-SWAP,2768552336,1783398242412,2026-07-07 04:24:02,buy,63162.3,0.01,631.623
BTC-USDT-SWAP,2768552337,1783398242412,2026-07-07 04:24:02,buy,63162.5,0.01,631.625
BTC-USDT-SWAP,2768552338,1783398242412,2026-07-07 04:24:02,buy,63162.6,0.01,631.626
BTC-USDT-SWAP,2768552339,1783398242412,2026-07-07 04:24:02,buy,63162.8,0.01,631.628
BTC-USDT-SWAP,2768552340,1783398242414,2026-07-07 04:24:02,buy,63162.9,0.09,5684.661
BTC-USDT-SWAP,2768552341,1783398242414,2026-07-07 04:24:02,buy,63162.9,0.09,5684.661
BTC-USDT-SWAP,2768552342,1783398242414,2026-07-07 04:24:02,buy,63162.9,0.09,5684.661
BTC-USDT-SWAP,2768552343,1783398242415,2026-07-07 04:24:02,buy,63162.9,1.69,106745.30099999999
BTC-USDT-SWAP,2768552344,1783398242418,2026-07-07 04:24:02,buy,63162.9,0.01,631.629
BTC-USDT-SWAP,2768552345,1783398242418,2026-07-07 04:24:02,buy,63162.9,0.01,631.629
BTC-USDT-SWAP,2768552346,1783398242418,2026-07-07 04:24:02,buy,63162.9,0.01,631.629
BTC-USDT-SWAP,2768552347,1783398242418,2026-07-07 04:24:02,buy,63163.1,0.01,631.631
BTC-USDT-SWAP,2768552348,1783398242418,2026-07-07 04:24:02,buy,63163.1,0.02,1263.262
BTC-USDT-SWAP,2768552349,1783398242418,2026-07-07 04:24:02,buy,63163.4,0.02,1263.268
BTC-USDT-SWAP,2768552350,1783398242418,2026-07-07 04:24:02,buy,63163.4,0.01,631.634
BTC-USDT-SWAP,2768552351,1783398242418,2026-07-07 04:24:02,buy,63163.6,0.01,631.636
BTC-USDT-SWAP,2768552352,1783398242418,2026-07-07 04:24:02,buy,63163.6,0.01,631.636
BTC-USDT-SWAP,2768552353,1783398242418,2026-07-07 04:24:02,buy,63163.7,0.01,631.637
BTC-USDT-SWAP,2768552354,1783398242418,2026-07-07 04:24:02,buy,63164.1,0.01,631.641
BTC-USDT-SWAP,2768552355,1783398242418,2026-07-07 04:24:02,buy,63164.1,0.01,631.641
BTC-USDT-SWAP,2768552356,1783398242418,2026-07-07 04:24:02,buy,63164.7,0.02,1263.2939999999999
BTC-USDT-SWAP,2768552357,1783398242418,2026-07-07 04:24:02,buy,63164.8,0.01,631.648
BTC-USDT-SWAP,2768552358,1783398242418,2026-07-07 04:24:02,buy,63164.8,1.69,106748.512
BTC-USDT-SWAP,2768552359,1783398242946,2026-07-07 04:24:02,sell,63164.8,0.04,2526.592
BTC-USDT-SWAP,2768552360,1783398243652,2026-07-07 04:24:03,buy,63164.9,0.02,1263.298
BTC-USDT-SWAP,2768552361,1783398243995,2026-07-07 04:24:03,sell,63164.8,0.17,10738.016000000001
BTC-USDT-SWAP,2768552362,1783398244197,2026-07-07 04:24:04,sell,63164.8,0.69,43583.712
BTC-USDT-SWAP,2768552363,1783398244273,2026-07-07 04:24:04,buy,63164.9,3.18,200864.382
BTC-USDT-SWAP,2768552364,1783398245009,2026-07-07 04:24:05,sell,63164.8,1.72,108643.456
