symbol,trade_id,timestamp_ms,timestamp_utc,side,price,size,quote_volume
DOT-USDT-SWAP,337435140,1783396432157,2026-07-07 03:53:52,sell,0.8571,2.0,1.7142
DOT-USDT-SWAP,337435141,1783396432740,2026-07-07 03:53:52,buy,0.8571,1.0,0.8571
DOT-USDT-SWAP,337435142,1783396432740,2026-07-07 03:53:52,buy,0.8571,247.0,211.7037
DOT-USDT-SWAP,337435143,1783396432740,2026-07-07 03:53:52,buy,0.8571,325.0,278.5575
DOT-USDT-SWAP,337435144,1783396432741,2026-07-07 03:53:52,buy,0.8571,68.0,58.282799999999995
DOT-USDT-SWAP,337435145,1783396432741,2026-07-07 03:53:52,buy,0.8571,140.0,119.994
DOT-USDT-SWAP,337435146,1783396432741,2026-07-07 03:53:52,buy,0.8571,943.0,808.2452999999999
DOT-USDT-SWAP,337435147,1783396432741,2026-07-07 03:53:52,buy,0.8571,123.0,105.4233
DOT-USDT-SWAP,337435148,1783396432741,2026-07-07 03:53:52,buy,0.8571,441.0,377.98109999999997
DOT-USDT-SWAP,337435149,1783396432741,2026-07-07 03:53:52,buy,0.8571,59.0,50.5689
DOT-USDT-SWAP,337435150,1783396435003,2026-07-07 03:53:55,sell,0.857,1.0,0.857
DOT-USDT-SWAP,337435151,1783396440002,2026-07-07 03:54:00,sell,0.857,1.0,0.857
DOT-USDT-SWAP,337435152,1783396440453,2026-07-07 03:54:00,sell,0.857,4.0,3.428
DOT-USDT-SWAP,337435153,1783396440453,2026-07-07 03:54:00,sell,0.857,1.0,0.857
DOT-USDT-SWAP,337435154,1783396440453,2026-07-07 03:54:00,sell,0.857,1.0,0.857
DOT-USDT-SWAP,337435155,1783396440453,2026-07-07 03:54:00,sell,0.857,2.0,1.714
DOT-USDT-SWAP,337435156,1783396440996,2026-07-07 03:54:00,sell,0.8569,6.0,5.1414
DOT-USDT-SWAP,337435157,1783396440996,2026-07-07 03:54:00,sell,0.8569,1.0,0.8569
DOT-USDT-SWAP,337435158,1783396440996,2026-07-07 03:54:00,sell,0.8569,1.0,0.8569
DOT-USDT-SWAP,337435159,1783396440996,2026-07-07 03:54:00,sell,0.8569,667.0,571.5523
DOT-USDT-SWAP,337435160,1783396440996,2026-07-07 03:54:00,sell,0.8569,897.0,768.6393
DOT-USDT-SWAP,337435161,1783396440996,2026-07-07 03:54:00,sell,0.8569,427.0,365.8963
DOT-USDT-SWAP,337435162,1783396440996,2026-07-07 03:54:00,sell,0.8569,1.0,0.8569
DOT-USDT-SWAP,337435163,1783396440996,2026-07-07 03:54:00,sell,0.8569,1.0,0.8569
DOT-USDT-SWAP,337435164,1783396440996,2026-07-07 03:54:00,sell,0.8569,1.0,0.8569
DOT-USDT-SWAP,337435165,1783396440996,2026-07-07 03:54:00,sell,0.8569,337.0,288.7753
DOT-USDT-SWAP,337435166,1783396440996,2026-07-07 03:54:00,sell,0.8569,583.0,499.5727
DOT-USDT-SWAP,337435167,1783396440996,2026-07-07 03:54:00,sell,0.8569,2.0,1.7138
DOT-USDT-SWAP,337435168,1783396440998,2026-07-07 03:54:00,sell,0.8568,6.0,5.1408000000000005
DOT-USDT-SWAP,337435169,1783396440998,2026-07-07 03:54:00,sell,0.8568,1.0,0.8568
DOT-USDT-SWAP,337435170,1783396440998,2026-07-07 03:54:00,sell,0.8568,1.0,0.8568
DOT-USDT-SWAP,337435171,1783396440998,2026-07-07 03:54:00,sell,0.8568,2.0,1.7136
DOT-USDT-SWAP,337435172,1783396440998,2026-07-07 03:54:00,sell,0.8568,1.0,0.8568
DOT-USDT-SWAP,337435173,1783396441021,2026-07-07 03:54:01,buy,0.8568,932.0,798.5376
DOT-USDT-SWAP,337435174,1783396441021,2026-07-07 03:54:01,buy,0.8568,393.0,336.7224
DOT-USDT-SWAP,337435175,1783396441021,2026-07-07 03:54:01,buy,0.8568,359.0,307.5912
DOT-USDT-SWAP,337435176,1783396441021,2026-07-07 03:54:01,buy,0.8568,360.0,308.448
DOT-USDT-SWAP,337435177,1783396441021,2026-07-07 03:54:01,buy,0.8568,140.0,119.952
DOT-USDT-SWAP,337435178,1783396441021,2026-07-07 03:54:01,buy,0.8568,106.0,90.8208
DOT-USDT-SWAP,337435179,1783396441307,2026-07-07 03:54:01,buy,0.8568,1.0,0.8568
DOT-USDT-SWAP,337435180,1783396442983,2026-07-07 03:54:02,buy,0.8568,186.0,159.3648
DOT-USDT-SWAP,337435181,1783396442983,2026-07-07 03:54:02,buy,0.8568,217.0,185.9256
DOT-USDT-SWAP,337435182,1783396442983,2026-07-07 03:54:02,buy,0.8568,527.0,451.5336
DOT-USDT-SWAP,337435183,1783396442983,2026-07-07 03:54:02,buy,0.8568,14.0,11.9952
DOT-USDT-SWAP,337435184,1783396443028,2026-07-07 03:54:03,buy,0.8568,1.0,0.8568
DOT-USDT-SWAP,337435185,1783396443028,2026-07-07 03:54:03,buy,0.8568,188.0,161.0784
DOT-USDT-SWAP,337435186,1783396445001,2026-07-07 03:54:05,sell,0.8568,1.0,0.8568
DOT-USDT-SWAP,337435187,1783396446354,2026-07-07 03:54:06,buy,0.8569,6.0,5.1414
DOT-USDT-SWAP,337435188,1783396446354,2026-07-07 03:54:06,buy,0.8569,2.0,1.7138
DOT-USDT-SWAP,337435189,1783396446354,2026-07-07 03:54:06,buy,0.8569,4.0,3.4276
DOT-USDT-SWAP,337435190,1783396446354,2026-07-07 03:54:06,buy,0.8569,221.0,189.3749
DOT-USDT-SWAP,337435191,1783396446354,2026-07-07 03:54:06,buy,0.8569,113.0,96.8297
DOT-USDT-SWAP,337435192,1783396446354,2026-07-07 03:54:06,buy,0.8569,500.0,428.45
DOT-USDT-SWAP,337435193,1783396446354,2026-07-07 03:54:06,buy,0.8569,178.0,152.5282
DOT-USDT-SWAP,337435194,1783396446354,2026-07-07 03:54:06,buy,0.8569,256.0,219.3664
DOT-USDT-SWAP,337435195,1783396446611,2026-07-07 03:54:06,buy,0.857,6.0,5.1419999999999995
DOT-USDT-SWAP,337435196,1783396446611,2026-07-07 03:54:06,buy,0.857,3.0,2.5709999999999997
DOT-USDT-SWAP,337435197,1783396446611,2026-07-07 03:54:06,buy,0.857,207.0,177.399
DOT-USDT-SWAP,337435198,1783396447221,2026-07-07 03:54:07,sell,0.857,567.0,485.919
DOT-USDT-SWAP,337435199,1783396447221,2026-07-07 03:54:07,sell,0.857,126.0,107.982
DOT-USDT-SWAP,337435200,1783396447221,2026-07-07 03:54:07,sell,0.857,160.0,137.12
DOT-USDT-SWAP,337435201,1783396447221,2026-07-07 03:54:07,sell,0.857,441.0,377.937
DOT-USDT-SWAP,337435202,1783396447221,2026-07-07 03:54:07,sell,0.857,172.0,147.404
DOT-USDT-SWAP,337435203,1783396447221,2026-07-07 03:54:07,sell,0.857,178.0,152.546
DOT-USDT-SWAP,337435204,1783396447221,2026-07-07 03:54:07,sell,0.857,2.0,1.714
DOT-USDT-SWAP,337435205,1783396447221,2026-07-07 03:54:07,sell,0.857,106.0,90.842
DOT-USDT-SWAP,337435206,1783396447221,2026-07-07 03:54:07,sell,0.8569,365.0,312.7685
DOT-USDT-SWAP,337435207,1783396447221,2026-07-07 03:54:07,sell,0.8569,441.0,377.8929
DOT-USDT-SWAP,337435208,1783396447221,2026-07-07 03:54:07,sell,0.8569,141.0,120.8229
DOT-USDT-SWAP,337435209,1783396450055,2026-07-07 03:54:10,buy,0.8571,2.0,1.7142
DOT-USDT-SWAP,337435210,1783396450055,2026-07-07 03:54:10,buy,0.8571,6.0,5.1426
DOT-USDT-SWAP,337435211,1783396450055,2026-07-07 03:54:10,buy,0.8571,2.0,1.7142
DOT-USDT-SWAP,337435212,1783396450055,2026-07-07 03:54:10,buy,0.8571,4.0,3.4284
DOT-USDT-SWAP,337435213,1783396450055,2026-07-07 03:54:10,buy,0.8571,1.0,0.8571
DOT-USDT-SWAP,337435214,1783396465002,2026-07-07 03:54:25,sell,0.8571,1.0,0.8571
DOT-USDT-SWAP,337435215,1783396465239,2026-07-07 03:54:25,buy,0.8572,2.0,1.7144
DOT-USDT-SWAP,337435216,1783396465239,2026-07-07 03:54:25,buy,0.8572,6.0,5.1432
DOT-USDT-SWAP,337435217,1783396465239,2026-07-07 03:54:25,buy,0.8572,469.0,402.0268
DOT-USDT-SWAP,337435218,1783396495003,2026-07-07 03:54:55,sell,0.8571,1.0,0.8571
DOT-USDT-SWAP,337435219,1783396500002,2026-07-07 03:55:00,sell,0.8571,1.0,0.8571
DOT-USDT-SWAP,337435220,1783396500882,2026-07-07 03:55:00,buy,0.8572,13.0,11.1436
DOT-USDT-SWAP,337435221,1783396504487,2026-07-07 03:55:04,buy,0.8572,1.0,0.8572
DOT-USDT-SWAP,337435222,1783396504487,2026-07-07 03:55:04,buy,0.8572,65.0,55.717999999999996
DOT-USDT-SWAP,337435223,1783396504487,2026-07-07 03:55:04,buy,0.8572,1.0,0.8572
DOT-USDT-SWAP,337435224,1783396504487,2026-07-07 03:55:04,buy,0.8572,7.0,6.0004
DOT-USDT-SWAP,337435225,1783396504487,2026-07-07 03:55:04,buy,0.8572,370.0,317.164
DOT-USDT-SWAP,337435226,1783396504487,2026-07-07 03:55:04,buy,0.8572,15.0,12.857999999999999
DOT-USDT-SWAP,337435227,1783396504487,2026-07-07 03:55:04,buy,0.8572,1.0,0.8572
DOT-USDT-SWAP,337435228,1783396504487,2026-07-07 03:55:04,buy,0.8572,47.0,40.288399999999996
DOT-USDT-SWAP,337435229,1783396504487,2026-07-07 03:55:04,buy,0.8572,1.0,0.8572
DOT-USDT-SWAP,337435230,1783396504487,2026-07-07 03:55:04,buy,0.8572,2.0,1.7144
DOT-USDT-SWAP,337435231,1783396505001,2026-07-07 03:55:05,sell,0.8572,1.0,0.8572
DOT-USDT-SWAP,337435232,1783396505018,2026-07-07 03:55:05,sell,0.8572,179.0,153.4388
DOT-USDT-SWAP,337435233,1783396505018,2026-07-07 03:55:05,sell,0.8572,597.0,511.7484
DOT-USDT-SWAP,337435234,1783396505018,2026-07-07 03:55:05,sell,0.8572,140.0,120.008
DOT-USDT-SWAP,337435235,1783396505018,2026-07-07 03:55:05,sell,0.8572,124.0,106.2928
DOT-USDT-SWAP,337435236,1783396505018,2026-07-07 03:55:05,sell,0.8572,943.0,808.3396
DOT-USDT-SWAP,337435237,1783396505018,2026-07-07 03:55:05,sell,0.8572,58.0,49.7176
DOT-USDT-SWAP,337435238,1783396505018,2026-07-07 03:55:05,sell,0.8572,500.0,428.59999999999997
DOT-USDT-SWAP,337435239,1783396505018,2026-07-07 03:55:05,sell,0.8572,158.0,135.4376
