symbol,trade_id,timestamp_ms,timestamp_utc,side,price,size,quote_volume
INJ-USDT-SWAP,173917152,1783396334540,2026-07-07 03:52:14,buy,4.735,2.0,9.47
INJ-USDT-SWAP,173917153,1783396334540,2026-07-07 03:52:14,buy,4.735,1.0,4.735
INJ-USDT-SWAP,173917154,1783396334540,2026-07-07 03:52:14,buy,4.735,19.0,89.965
INJ-USDT-SWAP,173917155,1783396334540,2026-07-07 03:52:14,buy,4.735,122.0,577.6700000000001
INJ-USDT-SWAP,173917156,1783396334540,2026-07-07 03:52:14,buy,4.735,43.0,203.60500000000002
INJ-USDT-SWAP,173917157,1783396365573,2026-07-07 03:52:45,buy,4.735,122.0,577.6700000000001
INJ-USDT-SWAP,173917158,1783396365573,2026-07-07 03:52:45,buy,4.735,130.0,615.5500000000001
INJ-USDT-SWAP,173917159,1783396365573,2026-07-07 03:52:45,buy,4.735,5.0,23.675
INJ-USDT-SWAP,173917160,1783396365573,2026-07-07 03:52:45,buy,4.735,2.0,9.47
INJ-USDT-SWAP,173917161,1783396382041,2026-07-07 03:53:02,buy,4.736,2.0,9.472
INJ-USDT-SWAP,173917162,1783396382041,2026-07-07 03:53:02,buy,4.736,1.0,4.736
INJ-USDT-SWAP,173917163,1783396382041,2026-07-07 03:53:02,buy,4.736,18.0,85.24799999999999
INJ-USDT-SWAP,173917164,1783396382041,2026-07-07 03:53:02,buy,4.736,1.0,4.736
INJ-USDT-SWAP,173917165,1783396382041,2026-07-07 03:53:02,buy,4.736,19.0,89.984
INJ-USDT-SWAP,173917166,1783396382041,2026-07-07 03:53:02,buy,4.736,22.0,104.192
INJ-USDT-SWAP,173917167,1783396382041,2026-07-07 03:53:02,buy,4.736,44.0,208.384
INJ-USDT-SWAP,173917168,1783396382041,2026-07-07 03:53:02,buy,4.736,2.0,9.472
INJ-USDT-SWAP,173917169,1783396382079,2026-07-07 03:53:02,sell,4.736,25.0,118.39999999999999
INJ-USDT-SWAP,173917170,1783396382079,2026-07-07 03:53:02,sell,4.736,19.0,89.984
INJ-USDT-SWAP,173917171,1783396386414,2026-07-07 03:53:06,buy,4.736,46.0,217.856
INJ-USDT-SWAP,173917172,1783396389937,2026-07-07 03:53:09,sell,4.735,1.0,4.735
INJ-USDT-SWAP,173917173,1783396393323,2026-07-07 03:53:13,buy,4.737,1.0,4.737
INJ-USDT-SWAP,173917174,1783396393323,2026-07-07 03:53:13,buy,4.737,2.0,9.474
INJ-USDT-SWAP,173917175,1783396393323,2026-07-07 03:53:13,buy,4.737,18.0,85.266
INJ-USDT-SWAP,173917176,1783396393323,2026-07-07 03:53:13,buy,4.738,5.0,23.69
INJ-USDT-SWAP,173917177,1783396401025,2026-07-07 03:53:21,sell,4.737,26.0,123.162
INJ-USDT-SWAP,173917178,1783396408333,2026-07-07 03:53:28,sell,4.737,2.0,9.474
INJ-USDT-SWAP,173917179,1783396408333,2026-07-07 03:53:28,sell,4.737,24.0,113.688
INJ-USDT-SWAP,173917180,1783396415791,2026-07-07 03:53:35,sell,4.737,26.0,123.162
INJ-USDT-SWAP,173917181,1783396423112,2026-07-07 03:53:43,sell,4.737,26.0,123.162
INJ-USDT-SWAP,173917182,1783396424986,2026-07-07 03:53:44,sell,4.737,18.0,85.266
INJ-USDT-SWAP,173917183,1783396424986,2026-07-07 03:53:44,sell,4.737,51.0,241.58700000000002
INJ-USDT-SWAP,173917184,1783396424986,2026-07-07 03:53:44,sell,4.737,2.0,9.474
INJ-USDT-SWAP,173917185,1783396430437,2026-07-07 03:53:50,sell,4.736,1.0,4.736
INJ-USDT-SWAP,173917186,1783396430437,2026-07-07 03:53:50,sell,4.736,1.0,4.736
INJ-USDT-SWAP,173917187,1783396430437,2026-07-07 03:53:50,sell,4.736,1.0,4.736
INJ-USDT-SWAP,173917188,1783396430437,2026-07-07 03:53:50,sell,4.736,1.0,4.736
INJ-USDT-SWAP,173917189,1783396432541,2026-07-07 03:53:52,sell,4.736,353.0,1671.808
INJ-USDT-SWAP,173917190,1783396432543,2026-07-07 03:53:52,sell,4.736,205.0,970.88
INJ-USDT-SWAP,173917191,1783396432543,2026-07-07 03:53:52,sell,4.736,2.0,9.472
INJ-USDT-SWAP,173917192,1783396433517,2026-07-07 03:53:53,sell,4.735,1.0,4.735
INJ-USDT-SWAP,173917193,1783396441036,2026-07-07 03:54:01,sell,4.735,1.0,4.735
INJ-USDT-SWAP,173917194,1783396441036,2026-07-07 03:54:01,sell,4.735,171.0,809.6850000000001
INJ-USDT-SWAP,173917195,1783396441036,2026-07-07 03:54:01,sell,4.735,4.0,18.94
INJ-USDT-SWAP,173917196,1783396441036,2026-07-07 03:54:01,sell,4.735,2.0,9.47
INJ-USDT-SWAP,173917197,1783396441749,2026-07-07 03:54:01,sell,4.734,2.0,9.468
INJ-USDT-SWAP,173917198,1783396441749,2026-07-07 03:54:01,sell,4.734,1.0,4.734
INJ-USDT-SWAP,173917199,1783396441749,2026-07-07 03:54:01,sell,4.734,2.0,9.468
INJ-USDT-SWAP,173917200,1783396441749,2026-07-07 03:54:01,sell,4.734,2.0,9.468
INJ-USDT-SWAP,173917201,1783396441749,2026-07-07 03:54:01,sell,4.734,4.0,18.936
INJ-USDT-SWAP,173917202,1783396441749,2026-07-07 03:54:01,sell,4.734,8.0,37.872
INJ-USDT-SWAP,173917203,1783396441749,2026-07-07 03:54:01,sell,4.734,2.0,9.468
INJ-USDT-SWAP,173917204,1783396441749,2026-07-07 03:54:01,sell,4.733,17.0,80.461
INJ-USDT-SWAP,173917205,1783396441805,2026-07-07 03:54:01,sell,4.733,8.0,37.864
INJ-USDT-SWAP,173917206,1783396441805,2026-07-07 03:54:01,sell,4.733,2.0,9.466
INJ-USDT-SWAP,173917207,1783396441805,2026-07-07 03:54:01,sell,4.733,1.0,4.733
INJ-USDT-SWAP,173917208,1783396441805,2026-07-07 03:54:01,sell,4.733,4.0,18.932
INJ-USDT-SWAP,173917209,1783396441805,2026-07-07 03:54:01,sell,4.733,8.0,37.864
INJ-USDT-SWAP,173917210,1783396441805,2026-07-07 03:54:01,sell,4.733,19.0,89.92699999999999
INJ-USDT-SWAP,173917211,1783396442409,2026-07-07 03:54:02,buy,4.735,175.0,828.625
INJ-USDT-SWAP,173917212,1783396442409,2026-07-07 03:54:02,buy,4.735,300.0,1420.5
INJ-USDT-SWAP,173917213,1783396442409,2026-07-07 03:54:02,buy,4.735,82.0,388.27000000000004
INJ-USDT-SWAP,173917214,1783396444536,2026-07-07 03:54:04,buy,4.735,20.0,94.7
INJ-USDT-SWAP,173917215,1783396444536,2026-07-07 03:54:04,buy,4.735,2.0,9.47
INJ-USDT-SWAP,173917216,1783396444536,2026-07-07 03:54:04,buy,4.735,2.0,9.47
INJ-USDT-SWAP,173917217,1783396444536,2026-07-07 03:54:04,buy,4.736,22.0,104.192
INJ-USDT-SWAP,173917218,1783396450188,2026-07-07 03:54:10,sell,4.735,1.0,4.735
INJ-USDT-SWAP,173917219,1783396450256,2026-07-07 03:54:10,buy,4.736,42.0,198.91199999999998
INJ-USDT-SWAP,173917220,1783396450256,2026-07-07 03:54:10,buy,4.736,38.0,179.968
INJ-USDT-SWAP,173917221,1783396450256,2026-07-07 03:54:10,buy,4.736,1.0,4.736
INJ-USDT-SWAP,173917222,1783396450256,2026-07-07 03:54:10,buy,4.736,2.0,9.472
INJ-USDT-SWAP,173917223,1783396450300,2026-07-07 03:54:10,buy,4.737,18.0,85.266
INJ-USDT-SWAP,173917224,1783396450300,2026-07-07 03:54:10,buy,4.737,2.0,9.474
INJ-USDT-SWAP,173917225,1783396450300,2026-07-07 03:54:10,buy,4.737,1.0,4.737
INJ-USDT-SWAP,173917226,1783396450300,2026-07-07 03:54:10,buy,4.737,2.0,9.474
INJ-USDT-SWAP,173917227,1783396450300,2026-07-07 03:54:10,buy,4.737,18.0,85.266
INJ-USDT-SWAP,173917228,1783396450300,2026-07-07 03:54:10,buy,4.737,2.0,9.474
INJ-USDT-SWAP,173917229,1783396475830,2026-07-07 03:54:35,sell,4.737,62.0,293.694
INJ-USDT-SWAP,173917230,1783396475830,2026-07-07 03:54:35,sell,4.737,4.0,18.948
INJ-USDT-SWAP,173917231,1783396475830,2026-07-07 03:54:35,sell,4.737,86.0,407.382
INJ-USDT-SWAP,173917232,1783396475830,2026-07-07 03:54:35,sell,4.737,2.0,9.474
INJ-USDT-SWAP,173917233,1783396477034,2026-07-07 03:54:37,sell,4.736,544.0,2576.384
INJ-USDT-SWAP,173917234,1783396477034,2026-07-07 03:54:37,sell,4.736,2.0,9.472
INJ-USDT-SWAP,173917235,1783396500386,2026-07-07 03:55:00,sell,4.735,1.0,4.735
INJ-USDT-SWAP,173917236,1783396500386,2026-07-07 03:55:00,sell,4.735,4.0,18.94
INJ-USDT-SWAP,173917237,1783396500386,2026-07-07 03:55:00,sell,4.735,72.0,340.92
INJ-USDT-SWAP,173917238,1783396500386,2026-07-07 03:55:00,sell,4.735,10.0,47.35
INJ-USDT-SWAP,173917239,1783396501683,2026-07-07 03:55:01,sell,4.735,22.0,104.17
INJ-USDT-SWAP,173917240,1783396501702,2026-07-07 03:55:01,sell,4.735,2.0,9.47
INJ-USDT-SWAP,173917241,1783396501702,2026-07-07 03:55:01,sell,4.735,36.0,170.46
INJ-USDT-SWAP,173917242,1783396502444,2026-07-07 03:55:02,buy,4.736,24.0,113.66399999999999
INJ-USDT-SWAP,173917243,1783396502444,2026-07-07 03:55:02,buy,4.736,22.0,104.192
INJ-USDT-SWAP,173917244,1783396504538,2026-07-07 03:55:04,sell,4.735,1.0,4.735
INJ-USDT-SWAP,173917245,1783396509056,2026-07-07 03:55:09,buy,4.736,37.0,175.232
INJ-USDT-SWAP,173917246,1783396509056,2026-07-07 03:55:09,buy,4.736,1.0,4.736
INJ-USDT-SWAP,173917247,1783396509056,2026-07-07 03:55:09,buy,4.736,25.0,118.39999999999999
INJ-USDT-SWAP,173917248,1783396510112,2026-07-07 03:55:10,buy,4.737,18.0,85.266
INJ-USDT-SWAP,173917249,1783396510112,2026-07-07 03:55:10,buy,4.737,18.0,85.266
INJ-USDT-SWAP,173917250,1783396510112,2026-07-07 03:55:10,buy,4.737,21.0,99.477
INJ-USDT-SWAP,173917251,1783396510112,2026-07-07 03:55:10,buy,4.737,2.0,9.474
