symbol,trade_id,timestamp_ms,timestamp_utc,side,price,size,quote_volume
LINK-USDT-SWAP,468603984,1783396353451,2026-07-07 03:52:33,sell,7.878,0.4,3.1512000000000002
LINK-USDT-SWAP,468603985,1783396390177,2026-07-07 03:53:10,sell,7.877,0.7,5.5139
LINK-USDT-SWAP,468603986,1783396390177,2026-07-07 03:53:10,sell,7.877,0.1,0.7877000000000001
LINK-USDT-SWAP,468603987,1783396390177,2026-07-07 03:53:10,sell,7.877,9.4,74.0438
LINK-USDT-SWAP,468603988,1783396390177,2026-07-07 03:53:10,sell,7.877,10.9,85.8593
LINK-USDT-SWAP,468603989,1783396390177,2026-07-07 03:53:10,sell,7.877,84.2,663.2434
LINK-USDT-SWAP,468603990,1783396391492,2026-07-07 03:53:11,sell,7.877,0.9,7.0893
LINK-USDT-SWAP,468603991,1783396391492,2026-07-07 03:53:11,sell,7.877,0.1,0.7877000000000001
LINK-USDT-SWAP,468603992,1783396391492,2026-07-07 03:53:11,sell,7.877,0.7,5.5139
LINK-USDT-SWAP,468603993,1783396391492,2026-07-07 03:53:11,sell,7.877,1.6,12.603200000000001
LINK-USDT-SWAP,468603994,1783396391492,2026-07-07 03:53:11,sell,7.877,0.1,0.7877000000000001
LINK-USDT-SWAP,468603995,1783396392731,2026-07-07 03:53:12,buy,7.877,0.7,5.5139
LINK-USDT-SWAP,468603996,1783396392731,2026-07-07 03:53:12,buy,7.877,2.8,22.0556
LINK-USDT-SWAP,468603997,1783396392731,2026-07-07 03:53:12,buy,7.877,0.2,1.5754000000000001
LINK-USDT-SWAP,468603998,1783396393116,2026-07-07 03:53:13,buy,7.878,0.7,5.5146
LINK-USDT-SWAP,468603999,1783396393116,2026-07-07 03:53:13,buy,7.878,1.9,14.9682
LINK-USDT-SWAP,468604000,1783396393116,2026-07-07 03:53:13,buy,7.878,12.3,96.8994
LINK-USDT-SWAP,468604001,1783396393116,2026-07-07 03:53:13,buy,7.878,11.2,88.2336
LINK-USDT-SWAP,468604002,1783396393116,2026-07-07 03:53:13,buy,7.878,26.7,210.3426
LINK-USDT-SWAP,468604003,1783396393116,2026-07-07 03:53:13,buy,7.878,47.1,371.0538
LINK-USDT-SWAP,468604004,1783396393116,2026-07-07 03:53:13,buy,7.878,10.9,85.8702
LINK-USDT-SWAP,468604005,1783396393116,2026-07-07 03:53:13,buy,7.878,13.2,103.9896
LINK-USDT-SWAP,468604006,1783396393116,2026-07-07 03:53:13,buy,7.878,600.0,4726.8
LINK-USDT-SWAP,468604007,1783396393116,2026-07-07 03:53:13,buy,7.878,107.1,843.7338
LINK-USDT-SWAP,468604008,1783396393116,2026-07-07 03:53:13,buy,7.878,0.2,1.5756000000000001
LINK-USDT-SWAP,468604009,1783396393116,2026-07-07 03:53:13,buy,7.878,0.2,1.5756000000000001
LINK-USDT-SWAP,468604010,1783396393116,2026-07-07 03:53:13,buy,7.879,137.4,1082.5746
LINK-USDT-SWAP,468604011,1783396404630,2026-07-07 03:53:24,buy,7.879,0.7,5.515299999999999
LINK-USDT-SWAP,468604012,1783396404630,2026-07-07 03:53:24,buy,7.879,0.1,0.7879
LINK-USDT-SWAP,468604013,1783396404630,2026-07-07 03:53:24,buy,7.879,0.2,1.5758
LINK-USDT-SWAP,468604014,1783396424881,2026-07-07 03:53:44,sell,7.879,0.1,0.7879
LINK-USDT-SWAP,468604015,1783396424881,2026-07-07 03:53:44,sell,7.879,0.1,0.7879
LINK-USDT-SWAP,468604016,1783396431739,2026-07-07 03:53:51,sell,7.879,0.7,5.515299999999999
LINK-USDT-SWAP,468604017,1783396431739,2026-07-07 03:53:51,sell,7.879,0.1,0.7879
LINK-USDT-SWAP,468604018,1783396431739,2026-07-07 03:53:51,sell,7.879,0.2,1.5758
LINK-USDT-SWAP,468604019,1783396431739,2026-07-07 03:53:51,sell,7.879,1.9,14.970099999999999
LINK-USDT-SWAP,468604020,1783396431739,2026-07-07 03:53:51,sell,7.879,0.2,1.5758
LINK-USDT-SWAP,468604021,1783396432482,2026-07-07 03:53:52,buy,7.879,0.1,0.7879
LINK-USDT-SWAP,468604022,1783396432482,2026-07-07 03:53:52,buy,7.879,92.2,726.4438
LINK-USDT-SWAP,468604023,1783396432482,2026-07-07 03:53:52,buy,7.879,48.4,381.3436
LINK-USDT-SWAP,468604024,1783396432482,2026-07-07 03:53:52,buy,7.879,3.2,25.2128
LINK-USDT-SWAP,468604025,1783396432482,2026-07-07 03:53:52,buy,7.879,355.8,2803.3482
LINK-USDT-SWAP,468604026,1783396432482,2026-07-07 03:53:52,buy,7.879,20.3,159.9437
LINK-USDT-SWAP,468604027,1783396432482,2026-07-07 03:53:52,buy,7.879,22.8,179.6412
LINK-USDT-SWAP,468604028,1783396432482,2026-07-07 03:53:52,buy,7.879,20.6,162.3074
LINK-USDT-SWAP,468604029,1783396432482,2026-07-07 03:53:52,buy,7.879,17.3,136.3067
LINK-USDT-SWAP,468604030,1783396432482,2026-07-07 03:53:52,buy,7.879,81.2,639.7748
LINK-USDT-SWAP,468604031,1783396436110,2026-07-07 03:53:56,sell,7.878,7.4,58.297200000000004
LINK-USDT-SWAP,468604032,1783396436110,2026-07-07 03:53:56,sell,7.878,0.7,5.5146
LINK-USDT-SWAP,468604033,1783396436110,2026-07-07 03:53:56,sell,7.878,0.1,0.7878000000000001
LINK-USDT-SWAP,468604034,1783396436110,2026-07-07 03:53:56,sell,7.878,0.2,1.5756000000000001
LINK-USDT-SWAP,468604035,1783396436110,2026-07-07 03:53:56,sell,7.878,0.2,1.5756000000000001
LINK-USDT-SWAP,468604036,1783396436110,2026-07-07 03:53:56,sell,7.878,0.2,1.5756000000000001
LINK-USDT-SWAP,468604037,1783396436110,2026-07-07 03:53:56,sell,7.878,0.2,1.5756000000000001
LINK-USDT-SWAP,468604038,1783396439620,2026-07-07 03:53:59,sell,7.877,35.0,275.695
LINK-USDT-SWAP,468604039,1783396439620,2026-07-07 03:53:59,sell,7.877,0.1,0.7877000000000001
LINK-USDT-SWAP,468604040,1783396439620,2026-07-07 03:53:59,sell,7.877,8.6,67.7422
LINK-USDT-SWAP,468604041,1783396439620,2026-07-07 03:53:59,sell,7.877,1.1,8.6647
LINK-USDT-SWAP,468604042,1783396439620,2026-07-07 03:53:59,sell,7.877,0.2,1.5754000000000001
LINK-USDT-SWAP,468604043,1783396440872,2026-07-07 03:54:00,sell,7.876,1.3,10.238800000000001
LINK-USDT-SWAP,468604044,1783396441024,2026-07-07 03:54:01,sell,7.876,0.7,5.5132
LINK-USDT-SWAP,468604045,1783396441024,2026-07-07 03:54:01,sell,7.876,0.1,0.7876000000000001
LINK-USDT-SWAP,468604046,1783396441024,2026-07-07 03:54:01,sell,7.876,0.1,0.7876000000000001
LINK-USDT-SWAP,468604047,1783396441024,2026-07-07 03:54:01,sell,7.876,0.1,0.7876000000000001
LINK-USDT-SWAP,468604048,1783396441024,2026-07-07 03:54:01,sell,7.876,0.2,1.5752000000000002
LINK-USDT-SWAP,468604049,1783396441024,2026-07-07 03:54:01,sell,7.876,0.2,1.5752000000000002
LINK-USDT-SWAP,468604050,1783396442866,2026-07-07 03:54:02,buy,7.876,0.1,0.7876000000000001
LINK-USDT-SWAP,468604051,1783396442866,2026-07-07 03:54:02,buy,7.876,0.3,2.3628
LINK-USDT-SWAP,468604052,1783396445944,2026-07-07 03:54:05,buy,7.876,2.2,17.3272
LINK-USDT-SWAP,468604053,1783396446355,2026-07-07 03:54:06,buy,7.876,89.7,706.4772
LINK-USDT-SWAP,468604054,1783396446355,2026-07-07 03:54:06,buy,7.876,34.3,270.1468
LINK-USDT-SWAP,468604055,1783396446355,2026-07-07 03:54:06,buy,7.876,48.5,381.986
LINK-USDT-SWAP,468604056,1783396446355,2026-07-07 03:54:06,buy,7.876,0.1,0.7876000000000001
LINK-USDT-SWAP,468604057,1783396446355,2026-07-07 03:54:06,buy,7.876,10.9,85.84840000000001
LINK-USDT-SWAP,468604058,1783396446355,2026-07-07 03:54:06,buy,7.876,1.0,7.876
LINK-USDT-SWAP,468604059,1783396446355,2026-07-07 03:54:06,buy,7.876,231.6,1824.0816
LINK-USDT-SWAP,468604060,1783396446355,2026-07-07 03:54:06,buy,7.876,650.0,5119.400000000001
LINK-USDT-SWAP,468604061,1783396446355,2026-07-07 03:54:06,buy,7.876,216.9,1708.3044000000002
LINK-USDT-SWAP,468604062,1783396446355,2026-07-07 03:54:06,buy,7.876,7.7,60.6452
LINK-USDT-SWAP,468604063,1783396446355,2026-07-07 03:54:06,buy,7.876,56.0,441.05600000000004
LINK-USDT-SWAP,468604064,1783396446355,2026-07-07 03:54:06,buy,7.876,216.0,1701.2160000000001
LINK-USDT-SWAP,468604065,1783396446355,2026-07-07 03:54:06,buy,7.876,0.7,5.5132
LINK-USDT-SWAP,468604066,1783396446355,2026-07-07 03:54:06,buy,7.876,14.0,110.26400000000001
LINK-USDT-SWAP,468604067,1783396446355,2026-07-07 03:54:06,buy,7.876,21.0,165.39600000000002
LINK-USDT-SWAP,468604068,1783396446355,2026-07-07 03:54:06,buy,7.876,21.0,165.39600000000002
LINK-USDT-SWAP,468604069,1783396446355,2026-07-07 03:54:06,buy,7.876,0.1,0.7876000000000001
LINK-USDT-SWAP,468604070,1783396446355,2026-07-07 03:54:06,buy,7.876,0.2,1.5752000000000002
LINK-USDT-SWAP,468604071,1783396446355,2026-07-07 03:54:06,buy,7.876,12.1,95.2996
LINK-USDT-SWAP,468604072,1783396446355,2026-07-07 03:54:06,buy,7.876,14.8,116.5648
LINK-USDT-SWAP,468604073,1783396446355,2026-07-07 03:54:06,buy,7.876,12.0,94.512
LINK-USDT-SWAP,468604074,1783396446753,2026-07-07 03:54:06,sell,7.876,33.1,260.6956
LINK-USDT-SWAP,468604075,1783396446753,2026-07-07 03:54:06,sell,7.876,72.2,568.6472
LINK-USDT-SWAP,468604076,1783396447583,2026-07-07 03:54:07,sell,7.876,1.4,11.0264
LINK-USDT-SWAP,468604077,1783396449721,2026-07-07 03:54:09,buy,7.877,0.7,5.5139
LINK-USDT-SWAP,468604078,1783396449721,2026-07-07 03:54:09,buy,7.877,1.3,10.2401
LINK-USDT-SWAP,468604079,1783396449721,2026-07-07 03:54:09,buy,7.877,0.1,0.7877000000000001
LINK-USDT-SWAP,468604080,1783396449721,2026-07-07 03:54:09,buy,7.877,5.0,39.385
LINK-USDT-SWAP,468604081,1783396449721,2026-07-07 03:54:09,buy,7.877,0.2,1.5754000000000001
LINK-USDT-SWAP,468604082,1783396504436,2026-07-07 03:55:04,sell,7.877,0.7,5.5139
LINK-USDT-SWAP,468604083,1783396504436,2026-07-07 03:55:04,sell,7.877,104.6,823.9341999999999
LINK-USDT-SWAP,468605805,1783398103943,2026-07-07 04:21:43,buy,7.871,0.7,5.5097
LINK-USDT-SWAP,468605806,1783398103943,2026-07-07 04:21:43,buy,7.871,0.4,3.1484000000000005
LINK-USDT-SWAP,468605807,1783398103943,2026-07-07 04:21:43,buy,7.871,0.4,3.1484000000000005
LINK-USDT-SWAP,468605808,1783398104917,2026-07-07 04:21:44,buy,7.872,0.7,5.5104
LINK-USDT-SWAP,468605809,1783398104917,2026-07-07 04:21:44,buy,7.872,0.1,0.7872
LINK-USDT-SWAP,468605810,1783398104917,2026-07-07 04:21:44,buy,7.872,4.9,38.5728
LINK-USDT-SWAP,468605811,1783398104917,2026-07-07 04:21:44,buy,7.872,0.1,0.7872
LINK-USDT-SWAP,468605812,1783398104917,2026-07-07 04:21:44,buy,7.872,6.1,48.0192
LINK-USDT-SWAP,468605813,1783398104917,2026-07-07 04:21:44,buy,7.872,5.8,45.657599999999995
LINK-USDT-SWAP,468605814,1783398104917,2026-07-07 04:21:44,buy,7.872,0.2,1.5744
LINK-USDT-SWAP,468605815,1783398105162,2026-07-07 04:21:45,buy,7.873,0.7,5.5111
LINK-USDT-SWAP,468605816,1783398105162,2026-07-07 04:21:45,buy,7.873,0.1,0.7873000000000001
LINK-USDT-SWAP,468605817,1783398105162,2026-07-07 04:21:45,buy,7.873,0.4,3.1492000000000004
LINK-USDT-SWAP,468605818,1783398105162,2026-07-07 04:21:45,buy,7.873,0.4,3.1492000000000004
LINK-USDT-SWAP,468605819,1783398109397,2026-07-07 04:21:49,buy,7.874,0.7,5.511799999999999
LINK-USDT-SWAP,468605820,1783398109397,2026-07-07 04:21:49,buy,7.874,0.1,0.7874
LINK-USDT-SWAP,468605821,1783398109397,2026-07-07 04:21:49,buy,7.874,2.6,20.4724
LINK-USDT-SWAP,468605822,1783398109397,2026-07-07 04:21:49,buy,7.874,20.0,157.48
LINK-USDT-SWAP,468605823,1783398109397,2026-07-07 04:21:49,buy,7.874,377.1,2969.2854
LINK-USDT-SWAP,468605824,1783398109509,2026-07-07 04:21:49,buy,7.874,0.2,1.5748
LINK-USDT-SWAP,468605825,1783398109509,2026-07-07 04:21:49,buy,7.874,0.7,5.511799999999999
LINK-USDT-SWAP,468605826,1783398121490,2026-07-07 04:22:01,sell,7.874,0.7,5.511799999999999
LINK-USDT-SWAP,468605827,1783398121490,2026-07-07 04:22:01,sell,7.874,0.1,0.7874
LINK-USDT-SWAP,468605828,1783398121490,2026-07-07 04:22:01,sell,7.874,0.2,1.5748
LINK-USDT-SWAP,468605829,1783398133063,2026-07-07 04:22:13,sell,7.873,0.7,5.5111
LINK-USDT-SWAP,468605830,1783398133063,2026-07-07 04:22:13,sell,7.873,0.1,0.7873000000000001
LINK-USDT-SWAP,468605831,1783398133063,2026-07-07 04:22:13,sell,7.873,0.2,1.5746000000000002
LINK-USDT-SWAP,468605832,1783398133073,2026-07-07 04:22:13,sell,7.872,0.7,5.5104
LINK-USDT-SWAP,468605833,1783398133073,2026-07-07 04:22:13,sell,7.872,0.1,0.7872
LINK-USDT-SWAP,468605834,1783398133073,2026-07-07 04:22:13,sell,7.872,0.1,0.7872
LINK-USDT-SWAP,468605835,1783398133340,2026-07-07 04:22:13,sell,7.871,0.7,5.5097
LINK-USDT-SWAP,468605836,1783398133340,2026-07-07 04:22:13,sell,7.871,0.1,0.7871000000000001
LINK-USDT-SWAP,468605837,1783398133340,2026-07-07 04:22:13,sell,7.871,0.2,1.5742000000000003
LINK-USDT-SWAP,468605838,1783398158509,2026-07-07 04:22:38,buy,7.871,0.7,5.5097
LINK-USDT-SWAP,468605839,1783398158509,2026-07-07 04:22:38,buy,7.871,7.4,58.245400000000004
LINK-USDT-SWAP,468605840,1783398158509,2026-07-07 04:22:38,buy,7.871,1.3,10.2323
LINK-USDT-SWAP,468605841,1783398158509,2026-07-07 04:22:38,buy,7.871,1.1,8.658100000000001
LINK-USDT-SWAP,468605842,1783398158509,2026-07-07 04:22:38,buy,7.871,0.1,0.7871000000000001
LINK-USDT-SWAP,468605843,1783398158509,2026-07-07 04:22:38,buy,7.871,3.5,27.5485
LINK-USDT-SWAP,468605844,1783398158509,2026-07-07 04:22:38,buy,7.871,0.5,3.9355
LINK-USDT-SWAP,468605845,1783398158509,2026-07-07 04:22:38,buy,7.871,0.2,1.5742000000000003
LINK-USDT-SWAP,468605846,1783398182093,2026-07-07 04:23:02,buy,7.872,0.7,5.5104
LINK-USDT-SWAP,468605847,1783398182093,2026-07-07 04:23:02,buy,7.872,0.3,2.3615999999999997
LINK-USDT-SWAP,468605848,1783398182093,2026-07-07 04:23:02,buy,7.872,0.1,0.7872
LINK-USDT-SWAP,468605849,1783398182093,2026-07-07 04:23:02,buy,7.872,7.0,55.104
LINK-USDT-SWAP,468605850,1783398182093,2026-07-07 04:23:02,buy,7.872,2.6,20.467200000000002
LINK-USDT-SWAP,468605851,1783398191654,2026-07-07 04:23:11,buy,7.872,190.5,1499.616
LINK-USDT-SWAP,468605852,1783398196611,2026-07-07 04:23:16,sell,7.871,0.7,5.5097
LINK-USDT-SWAP,468605853,1783398196611,2026-07-07 04:23:16,sell,7.871,0.2,1.5742000000000003
LINK-USDT-SWAP,468605854,1783398201294,2026-07-07 04:23:21,buy,7.871,0.1,0.7871000000000001
LINK-USDT-SWAP,468605855,1783398201294,2026-07-07 04:23:21,buy,7.871,5.1,40.1421
LINK-USDT-SWAP,468605856,1783398204644,2026-07-07 04:23:24,sell,7.87,38.9,306.143
LINK-USDT-SWAP,468605857,1783398204644,2026-07-07 04:23:24,sell,7.87,0.7,5.5089999999999995
LINK-USDT-SWAP,468605858,1783398204644,2026-07-07 04:23:24,sell,7.87,0.1,0.787
LINK-USDT-SWAP,468605859,1783398204644,2026-07-07 04:23:24,sell,7.87,472.0,3714.64
LINK-USDT-SWAP,468605860,1783398204644,2026-07-07 04:23:24,sell,7.87,95.0,747.65
LINK-USDT-SWAP,468605861,1783398204650,2026-07-07 04:23:24,sell,7.87,61.0,480.07
LINK-USDT-SWAP,468605862,1783398204652,2026-07-07 04:23:24,sell,7.87,0.1,0.787
LINK-USDT-SWAP,468605863,1783398204652,2026-07-07 04:23:24,sell,7.87,0.2,1.574
LINK-USDT-SWAP,468605864,1783398204663,2026-07-07 04:23:24,sell,7.869,0.7,5.508299999999999
LINK-USDT-SWAP,468605865,1783398204663,2026-07-07 04:23:24,sell,7.869,0.1,0.7869
LINK-USDT-SWAP,468605866,1783398210778,2026-07-07 04:23:30,sell,7.868,0.1,0.7868
LINK-USDT-SWAP,468605867,1783398210778,2026-07-07 04:23:30,sell,7.868,3.5,27.538
LINK-USDT-SWAP,468605868,1783398210778,2026-07-07 04:23:30,sell,7.868,0.1,0.7868
LINK-USDT-SWAP,468605869,1783398210778,2026-07-07 04:23:30,sell,7.868,0.2,1.5736
LINK-USDT-SWAP,468605870,1783398211413,2026-07-07 04:23:31,sell,7.867,0.7,5.5069
LINK-USDT-SWAP,468605871,1783398211413,2026-07-07 04:23:31,sell,7.867,0.1,0.7867000000000001
LINK-USDT-SWAP,468605872,1783398221201,2026-07-07 04:23:41,sell,7.866,0.7,5.5062
LINK-USDT-SWAP,468605873,1783398221201,2026-07-07 04:23:41,sell,7.866,0.1,0.7866
LINK-USDT-SWAP,468605874,1783398221201,2026-07-07 04:23:41,sell,7.866,0.2,1.5732
LINK-USDT-SWAP,468605875,1783398221336,2026-07-07 04:23:41,sell,7.865,0.7,5.5055
LINK-USDT-SWAP,468605876,1783398221336,2026-07-07 04:23:41,sell,7.865,0.1,0.7865000000000001
LINK-USDT-SWAP,468605877,1783398221336,2026-07-07 04:23:41,sell,7.865,2.1,16.5165
LINK-USDT-SWAP,468605878,1783398221336,2026-07-07 04:23:41,sell,7.865,0.1,0.7865000000000001
LINK-USDT-SWAP,468605879,1783398221336,2026-07-07 04:23:41,sell,7.865,0.2,1.5730000000000002
LINK-USDT-SWAP,468605880,1783398232025,2026-07-07 04:23:52,buy,7.865,0.7,5.5055
LINK-USDT-SWAP,468605881,1783398232025,2026-07-07 04:23:52,buy,7.865,0.8,6.292000000000001
LINK-USDT-SWAP,468605882,1783398232025,2026-07-07 04:23:52,buy,7.865,11.5,90.4475
LINK-USDT-SWAP,468605883,1783398232025,2026-07-07 04:23:52,buy,7.865,12.4,97.52600000000001
LINK-USDT-SWAP,468605884,1783398241830,2026-07-07 04:24:01,sell,7.864,2.5,19.66
LINK-USDT-SWAP,468605885,1783398242157,2026-07-07 04:24:02,buy,7.865,26.2,206.063
LINK-USDT-SWAP,468605886,1783398242157,2026-07-07 04:24:02,buy,7.865,0.7,5.5055
LINK-USDT-SWAP,468605887,1783398242157,2026-07-07 04:24:02,buy,7.865,14.9,117.1885
LINK-USDT-SWAP,468605888,1783398242157,2026-07-07 04:24:02,buy,7.865,1.8,14.157
LINK-USDT-SWAP,468605889,1783398242157,2026-07-07 04:24:02,buy,7.865,0.2,1.5730000000000002
LINK-USDT-SWAP,468605890,1783398242157,2026-07-07 04:24:02,buy,7.865,0.1,0.7865000000000001
LINK-USDT-SWAP,468605891,1783398242157,2026-07-07 04:24:02,buy,7.865,0.1,0.7865000000000001
LINK-USDT-SWAP,468605892,1783398242157,2026-07-07 04:24:02,buy,7.865,0.3,2.3595
LINK-USDT-SWAP,468605893,1783398242157,2026-07-07 04:24:02,buy,7.865,12.8,100.67200000000001
LINK-USDT-SWAP,468605894,1783398242157,2026-07-07 04:24:02,buy,7.865,2.4,18.876
LINK-USDT-SWAP,468605895,1783398245533,2026-07-07 04:24:05,buy,7.866,0.1,0.7866
LINK-USDT-SWAP,468605896,1783398273191,2026-07-07 04:24:33,buy,7.866,0.7,5.5062
LINK-USDT-SWAP,468605897,1783398273191,2026-07-07 04:24:33,buy,7.866,7.4,58.2084
LINK-USDT-SWAP,468605898,1783398273191,2026-07-07 04:24:33,buy,7.866,2.5,19.665
LINK-USDT-SWAP,468605899,1783398273191,2026-07-07 04:24:33,buy,7.866,0.4,3.1464
LINK-USDT-SWAP,468605900,1783398273191,2026-07-07 04:24:33,buy,7.866,0.2,1.5732
LINK-USDT-SWAP,468605901,1783398273191,2026-07-07 04:24:33,buy,7.866,4.7,36.9702
LINK-USDT-SWAP,468605902,1783398273191,2026-07-07 04:24:33,buy,7.866,0.2,1.5732
LINK-USDT-SWAP,468605903,1783398273191,2026-07-07 04:24:33,buy,7.866,0.2,1.5732
LINK-USDT-SWAP,468605904,1783398273191,2026-07-07 04:24:33,buy,7.866,0.5,3.933
