symbol,trade_id,timestamp_ms,timestamp_utc,side,price,size,quote_volume
LINK-USDT-SWAP,468603984,1783396353451,2026-07-07 03:52:33,sell,7.878,0.4,3.1512000000000002
LINK-USDT-SWAP,468603985,1783396390177,2026-07-07 03:53:10,sell,7.877,0.7,5.5139
LINK-USDT-SWAP,468603986,1783396390177,2026-07-07 03:53:10,sell,7.877,0.1,0.7877000000000001
LINK-USDT-SWAP,468603987,1783396390177,2026-07-07 03:53:10,sell,7.877,9.4,74.0438
LINK-USDT-SWAP,468603988,1783396390177,2026-07-07 03:53:10,sell,7.877,10.9,85.8593
LINK-USDT-SWAP,468603989,1783396390177,2026-07-07 03:53:10,sell,7.877,84.2,663.2434
LINK-USDT-SWAP,468603990,1783396391492,2026-07-07 03:53:11,sell,7.877,0.9,7.0893
LINK-USDT-SWAP,468603991,1783396391492,2026-07-07 03:53:11,sell,7.877,0.1,0.7877000000000001
LINK-USDT-SWAP,468603992,1783396391492,2026-07-07 03:53:11,sell,7.877,0.7,5.5139
LINK-USDT-SWAP,468603993,1783396391492,2026-07-07 03:53:11,sell,7.877,1.6,12.603200000000001
LINK-USDT-SWAP,468603994,1783396391492,2026-07-07 03:53:11,sell,7.877,0.1,0.7877000000000001
LINK-USDT-SWAP,468603995,1783396392731,2026-07-07 03:53:12,buy,7.877,0.7,5.5139
LINK-USDT-SWAP,468603996,1783396392731,2026-07-07 03:53:12,buy,7.877,2.8,22.0556
LINK-USDT-SWAP,468603997,1783396392731,2026-07-07 03:53:12,buy,7.877,0.2,1.5754000000000001
LINK-USDT-SWAP,468603998,1783396393116,2026-07-07 03:53:13,buy,7.878,0.7,5.5146
LINK-USDT-SWAP,468603999,1783396393116,2026-07-07 03:53:13,buy,7.878,1.9,14.9682
LINK-USDT-SWAP,468604000,1783396393116,2026-07-07 03:53:13,buy,7.878,12.3,96.8994
LINK-USDT-SWAP,468604001,1783396393116,2026-07-07 03:53:13,buy,7.878,11.2,88.2336
LINK-USDT-SWAP,468604002,1783396393116,2026-07-07 03:53:13,buy,7.878,26.7,210.3426
LINK-USDT-SWAP,468604003,1783396393116,2026-07-07 03:53:13,buy,7.878,47.1,371.0538
LINK-USDT-SWAP,468604004,1783396393116,2026-07-07 03:53:13,buy,7.878,10.9,85.8702
LINK-USDT-SWAP,468604005,1783396393116,2026-07-07 03:53:13,buy,7.878,13.2,103.9896
LINK-USDT-SWAP,468604006,1783396393116,2026-07-07 03:53:13,buy,7.878,600.0,4726.8
LINK-USDT-SWAP,468604007,1783396393116,2026-07-07 03:53:13,buy,7.878,107.1,843.7338
LINK-USDT-SWAP,468604008,1783396393116,2026-07-07 03:53:13,buy,7.878,0.2,1.5756000000000001
LINK-USDT-SWAP,468604009,1783396393116,2026-07-07 03:53:13,buy,7.878,0.2,1.5756000000000001
LINK-USDT-SWAP,468604010,1783396393116,2026-07-07 03:53:13,buy,7.879,137.4,1082.5746
LINK-USDT-SWAP,468604011,1783396404630,2026-07-07 03:53:24,buy,7.879,0.7,5.515299999999999
LINK-USDT-SWAP,468604012,1783396404630,2026-07-07 03:53:24,buy,7.879,0.1,0.7879
LINK-USDT-SWAP,468604013,1783396404630,2026-07-07 03:53:24,buy,7.879,0.2,1.5758
LINK-USDT-SWAP,468604014,1783396424881,2026-07-07 03:53:44,sell,7.879,0.1,0.7879
LINK-USDT-SWAP,468604015,1783396424881,2026-07-07 03:53:44,sell,7.879,0.1,0.7879
LINK-USDT-SWAP,468604016,1783396431739,2026-07-07 03:53:51,sell,7.879,0.7,5.515299999999999
LINK-USDT-SWAP,468604017,1783396431739,2026-07-07 03:53:51,sell,7.879,0.1,0.7879
LINK-USDT-SWAP,468604018,1783396431739,2026-07-07 03:53:51,sell,7.879,0.2,1.5758
LINK-USDT-SWAP,468604019,1783396431739,2026-07-07 03:53:51,sell,7.879,1.9,14.970099999999999
LINK-USDT-SWAP,468604020,1783396431739,2026-07-07 03:53:51,sell,7.879,0.2,1.5758
LINK-USDT-SWAP,468604021,1783396432482,2026-07-07 03:53:52,buy,7.879,0.1,0.7879
LINK-USDT-SWAP,468604022,1783396432482,2026-07-07 03:53:52,buy,7.879,92.2,726.4438
LINK-USDT-SWAP,468604023,1783396432482,2026-07-07 03:53:52,buy,7.879,48.4,381.3436
LINK-USDT-SWAP,468604024,1783396432482,2026-07-07 03:53:52,buy,7.879,3.2,25.2128
LINK-USDT-SWAP,468604025,1783396432482,2026-07-07 03:53:52,buy,7.879,355.8,2803.3482
LINK-USDT-SWAP,468604026,1783396432482,2026-07-07 03:53:52,buy,7.879,20.3,159.9437
LINK-USDT-SWAP,468604027,1783396432482,2026-07-07 03:53:52,buy,7.879,22.8,179.6412
LINK-USDT-SWAP,468604028,1783396432482,2026-07-07 03:53:52,buy,7.879,20.6,162.3074
LINK-USDT-SWAP,468604029,1783396432482,2026-07-07 03:53:52,buy,7.879,17.3,136.3067
LINK-USDT-SWAP,468604030,1783396432482,2026-07-07 03:53:52,buy,7.879,81.2,639.7748
LINK-USDT-SWAP,468604031,1783396436110,2026-07-07 03:53:56,sell,7.878,7.4,58.297200000000004
LINK-USDT-SWAP,468604032,1783396436110,2026-07-07 03:53:56,sell,7.878,0.7,5.5146
LINK-USDT-SWAP,468604033,1783396436110,2026-07-07 03:53:56,sell,7.878,0.1,0.7878000000000001
LINK-USDT-SWAP,468604034,1783396436110,2026-07-07 03:53:56,sell,7.878,0.2,1.5756000000000001
LINK-USDT-SWAP,468604035,1783396436110,2026-07-07 03:53:56,sell,7.878,0.2,1.5756000000000001
LINK-USDT-SWAP,468604036,1783396436110,2026-07-07 03:53:56,sell,7.878,0.2,1.5756000000000001
LINK-USDT-SWAP,468604037,1783396436110,2026-07-07 03:53:56,sell,7.878,0.2,1.5756000000000001
LINK-USDT-SWAP,468604038,1783396439620,2026-07-07 03:53:59,sell,7.877,35.0,275.695
LINK-USDT-SWAP,468604039,1783396439620,2026-07-07 03:53:59,sell,7.877,0.1,0.7877000000000001
LINK-USDT-SWAP,468604040,1783396439620,2026-07-07 03:53:59,sell,7.877,8.6,67.7422
LINK-USDT-SWAP,468604041,1783396439620,2026-07-07 03:53:59,sell,7.877,1.1,8.6647
LINK-USDT-SWAP,468604042,1783396439620,2026-07-07 03:53:59,sell,7.877,0.2,1.5754000000000001
LINK-USDT-SWAP,468604043,1783396440872,2026-07-07 03:54:00,sell,7.876,1.3,10.238800000000001
LINK-USDT-SWAP,468604044,1783396441024,2026-07-07 03:54:01,sell,7.876,0.7,5.5132
LINK-USDT-SWAP,468604045,1783396441024,2026-07-07 03:54:01,sell,7.876,0.1,0.7876000000000001
LINK-USDT-SWAP,468604046,1783396441024,2026-07-07 03:54:01,sell,7.876,0.1,0.7876000000000001
LINK-USDT-SWAP,468604047,1783396441024,2026-07-07 03:54:01,sell,7.876,0.1,0.7876000000000001
LINK-USDT-SWAP,468604048,1783396441024,2026-07-07 03:54:01,sell,7.876,0.2,1.5752000000000002
LINK-USDT-SWAP,468604049,1783396441024,2026-07-07 03:54:01,sell,7.876,0.2,1.5752000000000002
LINK-USDT-SWAP,468604050,1783396442866,2026-07-07 03:54:02,buy,7.876,0.1,0.7876000000000001
LINK-USDT-SWAP,468604051,1783396442866,2026-07-07 03:54:02,buy,7.876,0.3,2.3628
LINK-USDT-SWAP,468604052,1783396445944,2026-07-07 03:54:05,buy,7.876,2.2,17.3272
LINK-USDT-SWAP,468604053,1783396446355,2026-07-07 03:54:06,buy,7.876,89.7,706.4772
LINK-USDT-SWAP,468604054,1783396446355,2026-07-07 03:54:06,buy,7.876,34.3,270.1468
LINK-USDT-SWAP,468604055,1783396446355,2026-07-07 03:54:06,buy,7.876,48.5,381.986
LINK-USDT-SWAP,468604056,1783396446355,2026-07-07 03:54:06,buy,7.876,0.1,0.7876000000000001
LINK-USDT-SWAP,468604057,1783396446355,2026-07-07 03:54:06,buy,7.876,10.9,85.84840000000001
LINK-USDT-SWAP,468604058,1783396446355,2026-07-07 03:54:06,buy,7.876,1.0,7.876
LINK-USDT-SWAP,468604059,1783396446355,2026-07-07 03:54:06,buy,7.876,231.6,1824.0816
LINK-USDT-SWAP,468604060,1783396446355,2026-07-07 03:54:06,buy,7.876,650.0,5119.400000000001
LINK-USDT-SWAP,468604061,1783396446355,2026-07-07 03:54:06,buy,7.876,216.9,1708.3044000000002
LINK-USDT-SWAP,468604062,1783396446355,2026-07-07 03:54:06,buy,7.876,7.7,60.6452
LINK-USDT-SWAP,468604063,1783396446355,2026-07-07 03:54:06,buy,7.876,56.0,441.05600000000004
LINK-USDT-SWAP,468604064,1783396446355,2026-07-07 03:54:06,buy,7.876,216.0,1701.2160000000001
LINK-USDT-SWAP,468604065,1783396446355,2026-07-07 03:54:06,buy,7.876,0.7,5.5132
LINK-USDT-SWAP,468604066,1783396446355,2026-07-07 03:54:06,buy,7.876,14.0,110.26400000000001
LINK-USDT-SWAP,468604067,1783396446355,2026-07-07 03:54:06,buy,7.876,21.0,165.39600000000002
LINK-USDT-SWAP,468604068,1783396446355,2026-07-07 03:54:06,buy,7.876,21.0,165.39600000000002
LINK-USDT-SWAP,468604069,1783396446355,2026-07-07 03:54:06,buy,7.876,0.1,0.7876000000000001
LINK-USDT-SWAP,468604070,1783396446355,2026-07-07 03:54:06,buy,7.876,0.2,1.5752000000000002
LINK-USDT-SWAP,468604071,1783396446355,2026-07-07 03:54:06,buy,7.876,12.1,95.2996
LINK-USDT-SWAP,468604072,1783396446355,2026-07-07 03:54:06,buy,7.876,14.8,116.5648
LINK-USDT-SWAP,468604073,1783396446355,2026-07-07 03:54:06,buy,7.876,12.0,94.512
LINK-USDT-SWAP,468604074,1783396446753,2026-07-07 03:54:06,sell,7.876,33.1,260.6956
LINK-USDT-SWAP,468604075,1783396446753,2026-07-07 03:54:06,sell,7.876,72.2,568.6472
LINK-USDT-SWAP,468604076,1783396447583,2026-07-07 03:54:07,sell,7.876,1.4,11.0264
LINK-USDT-SWAP,468604077,1783396449721,2026-07-07 03:54:09,buy,7.877,0.7,5.5139
LINK-USDT-SWAP,468604078,1783396449721,2026-07-07 03:54:09,buy,7.877,1.3,10.2401
LINK-USDT-SWAP,468604079,1783396449721,2026-07-07 03:54:09,buy,7.877,0.1,0.7877000000000001
LINK-USDT-SWAP,468604080,1783396449721,2026-07-07 03:54:09,buy,7.877,5.0,39.385
LINK-USDT-SWAP,468604081,1783396449721,2026-07-07 03:54:09,buy,7.877,0.2,1.5754000000000001
LINK-USDT-SWAP,468604082,1783396504436,2026-07-07 03:55:04,sell,7.877,0.7,5.5139
LINK-USDT-SWAP,468604083,1783396504436,2026-07-07 03:55:04,sell,7.877,104.6,823.9341999999999
