symbol,trade_id,timestamp_ms,timestamp_utc,side,price,size,quote_volume
OP-USDT-SWAP,463598937,1783396412948,2026-07-07 03:53:32,buy,0.10529,38.0,4.00102
OP-USDT-SWAP,463598938,1783396412948,2026-07-07 03:53:32,buy,0.10529,72.0,7.58088
OP-USDT-SWAP,463598939,1783396412949,2026-07-07 03:53:32,buy,0.1053,2.0,0.2106
OP-USDT-SWAP,463598940,1783396412949,2026-07-07 03:53:32,buy,0.1053,8.0,0.8424
OP-USDT-SWAP,463598941,1783396412949,2026-07-07 03:53:32,buy,0.1053,1.0,0.1053
OP-USDT-SWAP,463598942,1783396412949,2026-07-07 03:53:32,buy,0.1053,2.0,0.2106
OP-USDT-SWAP,463598943,1783396412949,2026-07-07 03:53:32,buy,0.10531,2.0,0.21062
OP-USDT-SWAP,463598944,1783396412949,2026-07-07 03:53:32,buy,0.10531,28.0,2.94868
OP-USDT-SWAP,463598945,1783396412949,2026-07-07 03:53:32,buy,0.10531,12.0,1.26372
OP-USDT-SWAP,463598946,1783396412949,2026-07-07 03:53:32,buy,0.10531,129.0,13.58499
OP-USDT-SWAP,463598947,1783396412949,2026-07-07 03:53:32,buy,0.10531,232.0,24.43192
OP-USDT-SWAP,463598948,1783396412949,2026-07-07 03:53:32,buy,0.10531,138.0,14.53278
OP-USDT-SWAP,463598949,1783396412949,2026-07-07 03:53:32,buy,0.10531,145.0,15.26995
OP-USDT-SWAP,463598950,1783396412949,2026-07-07 03:53:32,buy,0.10531,3249.0,342.15219
OP-USDT-SWAP,463598951,1783396412955,2026-07-07 03:53:32,buy,0.10532,2.0,0.21064
OP-USDT-SWAP,463598952,1783396412955,2026-07-07 03:53:32,buy,0.10532,1.0,0.10532
OP-USDT-SWAP,463598953,1783396428273,2026-07-07 03:53:48,sell,0.10532,7.0,0.73724
OP-USDT-SWAP,463598954,1783396428273,2026-07-07 03:53:48,sell,0.10532,13.0,1.36916
OP-USDT-SWAP,463598955,1783396428273,2026-07-07 03:53:48,sell,0.10532,11.0,1.15852
OP-USDT-SWAP,463598956,1783396428273,2026-07-07 03:53:48,sell,0.10532,2.0,0.21064
OP-USDT-SWAP,463598957,1783396428288,2026-07-07 03:53:48,buy,0.10531,248.0,26.116880000000002
OP-USDT-SWAP,463598958,1783396428288,2026-07-07 03:53:48,buy,0.10531,237.0,24.958470000000002
OP-USDT-SWAP,463598959,1783396428288,2026-07-07 03:53:48,buy,0.10531,2.0,0.21062
OP-USDT-SWAP,463598960,1783396432012,2026-07-07 03:53:52,sell,0.10531,2.0,0.21062
OP-USDT-SWAP,463598961,1783396432012,2026-07-07 03:53:52,sell,0.10531,1.0,0.10531
OP-USDT-SWAP,463598962,1783396435001,2026-07-07 03:53:55,sell,0.1053,10.0,1.053
OP-USDT-SWAP,463598963,1783396439739,2026-07-07 03:53:59,sell,0.1053,221.0,23.2713
OP-USDT-SWAP,463598964,1783396439741,2026-07-07 03:53:59,sell,0.1053,50976.0,5367.772800000001
OP-USDT-SWAP,463598965,1783396439743,2026-07-07 03:53:59,sell,0.1053,218.0,22.9554
OP-USDT-SWAP,463598966,1783396439743,2026-07-07 03:53:59,sell,0.1053,2.0,0.2106
OP-USDT-SWAP,463598967,1783396439743,2026-07-07 03:53:59,sell,0.1053,1.0,0.1053
OP-USDT-SWAP,463598968,1783396439743,2026-07-07 03:53:59,sell,0.10528,1158.0,121.91423999999999
OP-USDT-SWAP,463598969,1783396439743,2026-07-07 03:53:59,sell,0.10528,1.0,0.10528
OP-USDT-SWAP,463598970,1783396439743,2026-07-07 03:53:59,sell,0.10528,2.0,0.21056
OP-USDT-SWAP,463598971,1783396439746,2026-07-07 03:53:59,buy,0.10529,248.0,26.111919999999998
OP-USDT-SWAP,463598972,1783396439746,2026-07-07 03:53:59,buy,0.10529,248.0,26.111919999999998
OP-USDT-SWAP,463598973,1783396439746,2026-07-07 03:53:59,buy,0.10529,588.0,61.91052
OP-USDT-SWAP,463598974,1783396439749,2026-07-07 03:53:59,sell,0.10527,2.0,0.21054
OP-USDT-SWAP,463598975,1783396439749,2026-07-07 03:53:59,sell,0.10527,2.0,0.21054
OP-USDT-SWAP,463598976,1783396439749,2026-07-07 03:53:59,sell,0.10526,1027.0,108.10202000000001
OP-USDT-SWAP,463598977,1783396439749,2026-07-07 03:53:59,sell,0.10526,761.0,80.10286
OP-USDT-SWAP,463598978,1783396439755,2026-07-07 03:53:59,sell,0.10526,1297.0,136.52222
OP-USDT-SWAP,463598979,1783396440002,2026-07-07 03:54:00,sell,0.10526,10.0,1.0526
OP-USDT-SWAP,463598980,1783396440023,2026-07-07 03:54:00,buy,0.10527,49.0,5.1582300000000005
OP-USDT-SWAP,463598981,1783396441113,2026-07-07 03:54:01,sell,0.10526,1.0,0.10526
OP-USDT-SWAP,463598982,1783396441113,2026-07-07 03:54:01,sell,0.10526,107.0,11.262820000000001
OP-USDT-SWAP,463598983,1783396441804,2026-07-07 03:54:01,sell,0.10525,193.0,20.31325
OP-USDT-SWAP,463598984,1783396445002,2026-07-07 03:54:05,sell,0.10525,10.0,1.0525
OP-USDT-SWAP,463598985,1783396446412,2026-07-07 03:54:06,buy,0.10526,1.0,0.10526
OP-USDT-SWAP,463598986,1783396446412,2026-07-07 03:54:06,buy,0.10526,7530.0,792.6078
OP-USDT-SWAP,463598987,1783396446412,2026-07-07 03:54:06,buy,0.10526,2.0,0.21052
OP-USDT-SWAP,463598988,1783396446412,2026-07-07 03:54:06,buy,0.10526,3462.0,364.41012
OP-USDT-SWAP,463598989,1783396450249,2026-07-07 03:54:10,buy,0.10527,1.0,0.10527
OP-USDT-SWAP,463598990,1783396450249,2026-07-07 03:54:10,buy,0.10527,1.0,0.10527
OP-USDT-SWAP,463598991,1783396450249,2026-07-07 03:54:10,buy,0.10527,2.0,0.21054
OP-USDT-SWAP,463598992,1783396450249,2026-07-07 03:54:10,buy,0.10527,4.0,0.42108
OP-USDT-SWAP,463598993,1783396450249,2026-07-07 03:54:10,buy,0.10527,2.0,0.21054
OP-USDT-SWAP,463598994,1783396450249,2026-07-07 03:54:10,buy,0.10527,4.0,0.42108
OP-USDT-SWAP,463598995,1783396450249,2026-07-07 03:54:10,buy,0.10527,192.0,20.211840000000002
OP-USDT-SWAP,463598996,1783396450249,2026-07-07 03:54:10,buy,0.10527,2.0,0.21054
OP-USDT-SWAP,463598997,1783396450251,2026-07-07 03:54:10,buy,0.10528,2.0,0.21056
OP-USDT-SWAP,463598998,1783396465002,2026-07-07 03:54:25,sell,0.10528,1.0,0.10528
OP-USDT-SWAP,463598999,1783396465002,2026-07-07 03:54:25,sell,0.10528,9.0,0.94752
OP-USDT-SWAP,463599000,1783396467068,2026-07-07 03:54:27,buy,0.10529,2.0,0.21058
OP-USDT-SWAP,463599001,1783396467068,2026-07-07 03:54:27,buy,0.10529,133.0,14.00357
OP-USDT-SWAP,463599002,1783396467068,2026-07-07 03:54:27,buy,0.10529,139.0,14.635309999999999
OP-USDT-SWAP,463599003,1783396467068,2026-07-07 03:54:27,buy,0.10529,2.0,0.21058
OP-USDT-SWAP,463599004,1783396467068,2026-07-07 03:54:27,buy,0.10529,3.0,0.31587
OP-USDT-SWAP,463599005,1783396473867,2026-07-07 03:54:33,buy,0.1053,1.0,0.1053
OP-USDT-SWAP,463599006,1783396473867,2026-07-07 03:54:33,buy,0.1053,131.0,13.7943
OP-USDT-SWAP,463599007,1783396473867,2026-07-07 03:54:33,buy,0.1053,3.0,0.3159
OP-USDT-SWAP,463599008,1783396473867,2026-07-07 03:54:33,buy,0.1053,2.0,0.2106
OP-USDT-SWAP,463599009,1783396473867,2026-07-07 03:54:33,buy,0.1053,3.0,0.3159
OP-USDT-SWAP,463599010,1783396473867,2026-07-07 03:54:33,buy,0.10532,1451.0,152.81932
OP-USDT-SWAP,463599011,1783396473867,2026-07-07 03:54:33,buy,0.10532,1.0,0.10532
OP-USDT-SWAP,463599012,1783396473868,2026-07-07 03:54:33,buy,0.10533,1541.0,162.31353
OP-USDT-SWAP,463599013,1783396473868,2026-07-07 03:54:33,buy,0.10533,129.0,13.58757
OP-USDT-SWAP,463599014,1783396473868,2026-07-07 03:54:33,buy,0.10533,135.0,14.21955
OP-USDT-SWAP,463599015,1783396476900,2026-07-07 03:54:36,sell,0.10533,27.0,2.8439099999999997
OP-USDT-SWAP,463599016,1783396476900,2026-07-07 03:54:36,sell,0.10533,2.0,0.21066
OP-USDT-SWAP,463599017,1783396480395,2026-07-07 03:54:40,buy,0.10532,3.0,0.31596
OP-USDT-SWAP,463599018,1783396495002,2026-07-07 03:54:55,sell,0.10531,2.0,0.21062
OP-USDT-SWAP,463599019,1783396495002,2026-07-07 03:54:55,sell,0.10531,7.0,0.73717
OP-USDT-SWAP,463599020,1783396495002,2026-07-07 03:54:55,sell,0.10531,1.0,0.10531
OP-USDT-SWAP,463599021,1783396500002,2026-07-07 03:55:00,sell,0.10532,10.0,1.0532
OP-USDT-SWAP,463599022,1783396501731,2026-07-07 03:55:01,sell,0.10532,108.0,11.374559999999999
OP-USDT-SWAP,463599023,1783396503240,2026-07-07 03:55:03,buy,0.10532,2.0,0.21064
OP-USDT-SWAP,463599024,1783396505002,2026-07-07 03:55:05,sell,0.10532,10.0,1.0532
OP-USDT-SWAP,463599025,1783396506238,2026-07-07 03:55:06,buy,0.10532,926.0,97.52632
OP-USDT-SWAP,463599026,1783396521728,2026-07-07 03:55:21,sell,0.10531,1.0,0.10531
OP-USDT-SWAP,463599027,1783396521728,2026-07-07 03:55:21,sell,0.10531,1.0,0.10531
OP-USDT-SWAP,463599028,1783396525002,2026-07-07 03:55:25,sell,0.1053,10.0,1.053
OP-USDT-SWAP,463599029,1783396529773,2026-07-07 03:55:29,sell,0.10529,1.0,0.10529
OP-USDT-SWAP,463599030,1783396529773,2026-07-07 03:55:29,sell,0.10529,1.0,0.10529
OP-USDT-SWAP,463599031,1783396530873,2026-07-07 03:55:30,sell,0.10528,1.0,0.10528
OP-USDT-SWAP,463599032,1783396530875,2026-07-07 03:55:30,sell,0.10527,106.0,11.15862
OP-USDT-SWAP,463599033,1783396530875,2026-07-07 03:55:30,sell,0.10527,1.0,0.10527
OP-USDT-SWAP,463599034,1783396530877,2026-07-07 03:55:30,sell,0.10527,2.0,0.21054
OP-USDT-SWAP,463599035,1783396530967,2026-07-07 03:55:30,sell,0.10526,1.0,0.10526
OP-USDT-SWAP,463599036,1783396530974,2026-07-07 03:55:30,sell,0.10525,1.0,0.10525
