symbol,trade_id,timestamp_ms,timestamp_utc,side,price,size,quote_volume
SUI-USDT-SWAP,726016863,1783396450000,2026-07-07 03:54:10,buy,0.7343,1.0,0.7343
SUI-USDT-SWAP,726016864,1783396450000,2026-07-07 03:54:10,buy,0.7343,2.0,1.4686
SUI-USDT-SWAP,726016865,1783396450000,2026-07-07 03:54:10,buy,0.7343,2.0,1.4686
SUI-USDT-SWAP,726016866,1783396455108,2026-07-07 03:54:15,sell,0.7343,2.0,1.4686
SUI-USDT-SWAP,726016867,1783396456564,2026-07-07 03:54:16,sell,0.7343,7.0,5.1400999999999994
SUI-USDT-SWAP,726016868,1783396458032,2026-07-07 03:54:18,sell,0.7343,2.0,1.4686
SUI-USDT-SWAP,726016869,1783396458502,2026-07-07 03:54:18,sell,0.7343,1.0,0.7343
SUI-USDT-SWAP,726016870,1783396462099,2026-07-07 03:54:22,sell,0.7343,3.0,2.2028999999999996
SUI-USDT-SWAP,726016871,1783396463623,2026-07-07 03:54:23,sell,0.7343,9.0,6.6087
SUI-USDT-SWAP,726016872,1783396465674,2026-07-07 03:54:25,sell,0.7343,1.0,0.7343
SUI-USDT-SWAP,726016873,1783396467260,2026-07-07 03:54:27,sell,0.7343,1.0,0.7343
SUI-USDT-SWAP,726016874,1783396469934,2026-07-07 03:54:29,sell,0.7343,2.0,1.4686
SUI-USDT-SWAP,726016875,1783396469937,2026-07-07 03:54:29,sell,0.7343,1.0,0.7343
SUI-USDT-SWAP,726016876,1783396471498,2026-07-07 03:54:31,sell,0.7343,10.0,7.343
SUI-USDT-SWAP,726016877,1783396472374,2026-07-07 03:54:32,sell,0.7343,2.0,1.4686
SUI-USDT-SWAP,726016878,1783396475783,2026-07-07 03:54:35,sell,0.7343,2.0,1.4686
SUI-USDT-SWAP,726016879,1783396477666,2026-07-07 03:54:37,sell,0.7343,7.0,5.1400999999999994
SUI-USDT-SWAP,726016880,1783396478027,2026-07-07 03:54:38,sell,0.7343,17.0,12.483099999999999
SUI-USDT-SWAP,726016881,1783396478027,2026-07-07 03:54:38,sell,0.7343,3.0,2.2028999999999996
SUI-USDT-SWAP,726016882,1783396478027,2026-07-07 03:54:38,sell,0.7343,2.0,1.4686
SUI-USDT-SWAP,726016883,1783396478027,2026-07-07 03:54:38,sell,0.7343,4.0,2.9372
SUI-USDT-SWAP,726016884,1783396478027,2026-07-07 03:54:38,sell,0.7343,2.0,1.4686
SUI-USDT-SWAP,726016885,1783396478027,2026-07-07 03:54:38,sell,0.7343,2.0,1.4686
SUI-USDT-SWAP,726016886,1783396478027,2026-07-07 03:54:38,sell,0.7343,7.0,5.1400999999999994
SUI-USDT-SWAP,726016887,1783396479503,2026-07-07 03:54:39,sell,0.7342,3.0,2.2026
SUI-USDT-SWAP,726016888,1783396482336,2026-07-07 03:54:42,sell,0.7342,4.0,2.9368
SUI-USDT-SWAP,726016889,1783396482336,2026-07-07 03:54:42,sell,0.7342,2.0,1.4684
SUI-USDT-SWAP,726016890,1783396482432,2026-07-07 03:54:42,sell,0.7342,1.0,0.7342
SUI-USDT-SWAP,726016891,1783396483845,2026-07-07 03:54:43,buy,0.7343,7.0,5.1400999999999994
SUI-USDT-SWAP,726016892,1783396483845,2026-07-07 03:54:43,buy,0.7343,397.0,291.51709999999997
SUI-USDT-SWAP,726016893,1783396484353,2026-07-07 03:54:44,sell,0.7342,26.0,19.089199999999998
SUI-USDT-SWAP,726016894,1783396484353,2026-07-07 03:54:44,sell,0.7342,14.0,10.2788
SUI-USDT-SWAP,726016895,1783396484795,2026-07-07 03:54:44,buy,0.7343,60.0,44.058
SUI-USDT-SWAP,726016896,1783396484795,2026-07-07 03:54:44,buy,0.7343,2.0,1.4686
SUI-USDT-SWAP,726016897,1783396484795,2026-07-07 03:54:44,buy,0.7343,2.0,1.4686
SUI-USDT-SWAP,726016898,1783396484795,2026-07-07 03:54:44,buy,0.7343,8.0,5.8744
SUI-USDT-SWAP,726016899,1783396484795,2026-07-07 03:54:44,buy,0.7343,1.0,0.7343
SUI-USDT-SWAP,726016900,1783396484795,2026-07-07 03:54:44,buy,0.7343,20.0,14.686
SUI-USDT-SWAP,726016901,1783396484795,2026-07-07 03:54:44,buy,0.7343,2.0,1.4686
SUI-USDT-SWAP,726016902,1783396484795,2026-07-07 03:54:44,buy,0.7343,7.0,5.1400999999999994
SUI-USDT-SWAP,726016903,1783396485010,2026-07-07 03:54:45,sell,0.7343,1.0,0.7343
SUI-USDT-SWAP,726016904,1783396487620,2026-07-07 03:54:47,sell,0.7343,1.0,0.7343
SUI-USDT-SWAP,726016905,1783396492207,2026-07-07 03:54:52,sell,0.7343,1.0,0.7343
SUI-USDT-SWAP,726016906,1783396493478,2026-07-07 03:54:53,sell,0.7343,3.0,2.2028999999999996
SUI-USDT-SWAP,726016907,1783396493546,2026-07-07 03:54:53,sell,0.7343,3.0,2.2028999999999996
SUI-USDT-SWAP,726016908,1783396493546,2026-07-07 03:54:53,sell,0.7343,1.0,0.7343
SUI-USDT-SWAP,726016909,1783396493546,2026-07-07 03:54:53,sell,0.7343,2.0,1.4686
SUI-USDT-SWAP,726016910,1783396495033,2026-07-07 03:54:55,sell,0.7343,2.0,1.4686
SUI-USDT-SWAP,726016911,1783396497823,2026-07-07 03:54:57,sell,0.7343,1.0,0.7343
SUI-USDT-SWAP,726016912,1783396498186,2026-07-07 03:54:58,sell,0.7343,8.0,5.8744
SUI-USDT-SWAP,726016913,1783396498225,2026-07-07 03:54:58,sell,0.7343,2.0,1.4686
SUI-USDT-SWAP,726016914,1783396498694,2026-07-07 03:54:58,sell,0.7343,1.0,0.7343
SUI-USDT-SWAP,726016915,1783396499017,2026-07-07 03:54:59,buy,0.7344,7.0,5.1408000000000005
SUI-USDT-SWAP,726016916,1783396499017,2026-07-07 03:54:59,buy,0.7344,1.0,0.7344
SUI-USDT-SWAP,726016917,1783396499017,2026-07-07 03:54:59,buy,0.7344,156.0,114.5664
SUI-USDT-SWAP,726016918,1783396501655,2026-07-07 03:55:01,buy,0.7344,1.0,0.7344
SUI-USDT-SWAP,726016919,1783396501655,2026-07-07 03:55:01,buy,0.7344,7.0,5.1408000000000005
SUI-USDT-SWAP,726016920,1783396501655,2026-07-07 03:55:01,buy,0.7344,10.0,7.344
SUI-USDT-SWAP,726016921,1783396503769,2026-07-07 03:55:03,sell,0.7343,3.0,2.2028999999999996
SUI-USDT-SWAP,726016922,1783396507326,2026-07-07 03:55:07,sell,0.7343,1.0,0.7343
SUI-USDT-SWAP,726016923,1783396507414,2026-07-07 03:55:07,buy,0.7344,7.0,5.1408000000000005
SUI-USDT-SWAP,726016924,1783396507414,2026-07-07 03:55:07,buy,0.7344,8.0,5.8752
SUI-USDT-SWAP,726016925,1783396510399,2026-07-07 03:55:10,sell,0.7343,4.0,2.9372
SUI-USDT-SWAP,726016926,1783396511622,2026-07-07 03:55:11,sell,0.7343,1.0,0.7343
SUI-USDT-SWAP,726016927,1783396512181,2026-07-07 03:55:12,sell,0.7343,1.0,0.7343
SUI-USDT-SWAP,726016928,1783396512935,2026-07-07 03:55:12,sell,0.7343,1.0,0.7343
SUI-USDT-SWAP,726016929,1783396515927,2026-07-07 03:55:15,sell,0.7343,3.0,2.2028999999999996
SUI-USDT-SWAP,726016930,1783396519380,2026-07-07 03:55:19,sell,0.7343,1.0,0.7343
SUI-USDT-SWAP,726016931,1783396520643,2026-07-07 03:55:20,sell,0.7343,2.0,1.4686
SUI-USDT-SWAP,726016932,1783396522397,2026-07-07 03:55:22,sell,0.7343,5.0,3.6715
SUI-USDT-SWAP,726016933,1783396525910,2026-07-07 03:55:25,sell,0.7343,1.0,0.7343
SUI-USDT-SWAP,726016934,1783396526782,2026-07-07 03:55:26,sell,0.7343,2.0,1.4686
SUI-USDT-SWAP,726016935,1783396527174,2026-07-07 03:55:27,sell,0.7343,1.0,0.7343
SUI-USDT-SWAP,726016936,1783396527772,2026-07-07 03:55:27,sell,0.7343,1.0,0.7343
SUI-USDT-SWAP,726016937,1783396530956,2026-07-07 03:55:30,sell,0.7343,129.0,94.7247
SUI-USDT-SWAP,726016938,1783396530956,2026-07-07 03:55:30,sell,0.7343,7.0,5.1400999999999994
SUI-USDT-SWAP,726016939,1783396530956,2026-07-07 03:55:30,sell,0.7343,537.0,394.3191
SUI-USDT-SWAP,726016940,1783396530956,2026-07-07 03:55:30,sell,0.7343,18.0,13.2174
SUI-USDT-SWAP,726016941,1783396530956,2026-07-07 03:55:30,sell,0.7343,137.0,100.59909999999999
SUI-USDT-SWAP,726016942,1783396530956,2026-07-07 03:55:30,sell,0.7343,15.0,11.0145
SUI-USDT-SWAP,726016943,1783396530956,2026-07-07 03:55:30,sell,0.7343,435.0,319.4205
SUI-USDT-SWAP,726016944,1783396530956,2026-07-07 03:55:30,sell,0.7343,463.0,339.98089999999996
SUI-USDT-SWAP,726016945,1783396530956,2026-07-07 03:55:30,sell,0.7343,282.0,207.0726
SUI-USDT-SWAP,726016946,1783396530957,2026-07-07 03:55:30,sell,0.7343,166.0,121.8938
SUI-USDT-SWAP,726016947,1783396530957,2026-07-07 03:55:30,sell,0.7343,1154.0,847.3821999999999
SUI-USDT-SWAP,726016948,1783396530957,2026-07-07 03:55:30,sell,0.7343,680.0,499.32399999999996
SUI-USDT-SWAP,726016949,1783396530957,2026-07-07 03:55:30,sell,0.7343,1.0,0.7343
SUI-USDT-SWAP,726016950,1783396530957,2026-07-07 03:55:30,sell,0.7343,13.0,9.5459
SUI-USDT-SWAP,726016951,1783396530957,2026-07-07 03:55:30,sell,0.7343,1.0,0.7343
SUI-USDT-SWAP,726016952,1783396530957,2026-07-07 03:55:30,sell,0.7343,2.0,1.4686
SUI-USDT-SWAP,726016953,1783396530962,2026-07-07 03:55:30,sell,0.7342,1.0,0.7342
SUI-USDT-SWAP,726016954,1783396530962,2026-07-07 03:55:30,sell,0.7342,1.0,0.7342
SUI-USDT-SWAP,726016955,1783396530962,2026-07-07 03:55:30,sell,0.7342,7.0,5.1394
SUI-USDT-SWAP,726016956,1783396530962,2026-07-07 03:55:30,sell,0.7342,1.0,0.7342
SUI-USDT-SWAP,726016957,1783396531473,2026-07-07 03:55:31,sell,0.7341,3.0,2.2023
SUI-USDT-SWAP,726016958,1783396533004,2026-07-07 03:55:33,sell,0.7341,7.0,5.1387
SUI-USDT-SWAP,726016959,1783396533004,2026-07-07 03:55:33,sell,0.7341,1.0,0.7341
SUI-USDT-SWAP,726016960,1783396533004,2026-07-07 03:55:33,sell,0.7341,2.0,1.4682
SUI-USDT-SWAP,726016961,1783396533082,2026-07-07 03:55:33,sell,0.734,1.0,0.734
SUI-USDT-SWAP,726016962,1783396535485,2026-07-07 03:55:35,sell,0.734,2.0,1.468
SUI-USDT-SWAP,726021036,1783398221345,2026-07-07 04:23:41,sell,0.7334,34.0,24.9356
SUI-USDT-SWAP,726021037,1783398223047,2026-07-07 04:23:43,buy,0.7334,2.0,1.4668
SUI-USDT-SWAP,726021038,1783398233389,2026-07-07 04:23:53,buy,0.7334,1.0,0.7334
SUI-USDT-SWAP,726021039,1783398238526,2026-07-07 04:23:58,sell,0.7333,7.0,5.1331
SUI-USDT-SWAP,726021040,1783398238526,2026-07-07 04:23:58,sell,0.7333,1.0,0.7333
SUI-USDT-SWAP,726021041,1783398238526,2026-07-07 04:23:58,sell,0.7333,19.0,13.932699999999999
SUI-USDT-SWAP,726021042,1783398238526,2026-07-07 04:23:58,sell,0.7333,41.0,30.065299999999997
SUI-USDT-SWAP,726021043,1783398241399,2026-07-07 04:24:01,sell,0.7333,14.0,10.2662
SUI-USDT-SWAP,726021044,1783398242002,2026-07-07 04:24:02,buy,0.7334,6.0,4.4004
SUI-USDT-SWAP,726021045,1783398242002,2026-07-07 04:24:02,buy,0.7334,90.0,66.006
SUI-USDT-SWAP,726021046,1783398242003,2026-07-07 04:24:02,buy,0.7334,67.0,49.137800000000006
SUI-USDT-SWAP,726021047,1783398242003,2026-07-07 04:24:02,buy,0.7334,417.0,305.8278
SUI-USDT-SWAP,726021048,1783398242004,2026-07-07 04:24:02,buy,0.7334,2753.0,2019.0502000000001
SUI-USDT-SWAP,726021049,1783398242004,2026-07-07 04:24:02,buy,0.7334,96.0,70.4064
SUI-USDT-SWAP,726021050,1783398242004,2026-07-07 04:24:02,buy,0.7334,166.0,121.74440000000001
SUI-USDT-SWAP,726021051,1783398242004,2026-07-07 04:24:02,buy,0.7334,242.0,177.48280000000003
SUI-USDT-SWAP,726021052,1783398242004,2026-07-07 04:24:02,buy,0.7334,1033.0,757.6022
SUI-USDT-SWAP,726021053,1783398242004,2026-07-07 04:24:02,buy,0.7334,55.0,40.337
SUI-USDT-SWAP,726021054,1783398242004,2026-07-07 04:24:02,buy,0.7334,1.0,0.7334
SUI-USDT-SWAP,726021055,1783398242004,2026-07-07 04:24:02,buy,0.7334,1.0,0.7334
SUI-USDT-SWAP,726021056,1783398242004,2026-07-07 04:24:02,buy,0.7334,1.0,0.7334
SUI-USDT-SWAP,726021057,1783398242004,2026-07-07 04:24:02,buy,0.7334,2978.0,2184.0652
SUI-USDT-SWAP,726021058,1783398242004,2026-07-07 04:24:02,buy,0.7334,274.0,200.9516
SUI-USDT-SWAP,726021059,1783398242004,2026-07-07 04:24:02,buy,0.7334,1992.0,1460.9328
SUI-USDT-SWAP,726021060,1783398242004,2026-07-07 04:24:02,buy,0.7334,919.0,673.9946
SUI-USDT-SWAP,726021061,1783398242005,2026-07-07 04:24:02,buy,0.7334,783.0,574.2522
SUI-USDT-SWAP,726021062,1783398242005,2026-07-07 04:24:02,buy,0.7334,2.0,1.4668
SUI-USDT-SWAP,726021063,1783398242005,2026-07-07 04:24:02,buy,0.7334,59.0,43.2706
SUI-USDT-SWAP,726021064,1783398242005,2026-07-07 04:24:02,buy,0.7334,12.0,8.8008
SUI-USDT-SWAP,726021065,1783398242005,2026-07-07 04:24:02,buy,0.7334,151.0,110.74340000000001
SUI-USDT-SWAP,726021066,1783398243067,2026-07-07 04:24:03,sell,0.7334,3.0,2.2002
SUI-USDT-SWAP,726021067,1783398243807,2026-07-07 04:24:03,buy,0.7335,7.0,5.1345
SUI-USDT-SWAP,726021068,1783398243807,2026-07-07 04:24:03,buy,0.7335,98.0,71.88300000000001
SUI-USDT-SWAP,726021069,1783398243807,2026-07-07 04:24:03,buy,0.7335,9.0,6.601500000000001
SUI-USDT-SWAP,726021070,1783398243807,2026-07-07 04:24:03,buy,0.7335,1.0,0.7335
SUI-USDT-SWAP,726021071,1783398243807,2026-07-07 04:24:03,buy,0.7335,1.0,0.7335
SUI-USDT-SWAP,726021072,1783398243807,2026-07-07 04:24:03,buy,0.7335,8.0,5.868
SUI-USDT-SWAP,726021073,1783398243807,2026-07-07 04:24:03,buy,0.7335,14.0,10.269
SUI-USDT-SWAP,726021074,1783398243807,2026-07-07 04:24:03,buy,0.7335,2.0,1.467
SUI-USDT-SWAP,726021075,1783398243807,2026-07-07 04:24:03,buy,0.7336,52.0,38.1472
SUI-USDT-SWAP,726021076,1783398251423,2026-07-07 04:24:11,sell,0.7335,77.0,56.4795
SUI-USDT-SWAP,726021077,1783398251423,2026-07-07 04:24:11,sell,0.7335,7.0,5.1345
SUI-USDT-SWAP,726021078,1783398251423,2026-07-07 04:24:11,sell,0.7335,2.0,1.467
SUI-USDT-SWAP,726021079,1783398251423,2026-07-07 04:24:11,sell,0.7335,5.0,3.6675000000000004
SUI-USDT-SWAP,726021080,1783398251423,2026-07-07 04:24:11,sell,0.7335,13.0,9.5355
SUI-USDT-SWAP,726021081,1783398251423,2026-07-07 04:24:11,sell,0.7335,2.0,1.467
SUI-USDT-SWAP,726021082,1783398254206,2026-07-07 04:24:14,buy,0.7335,2.0,1.467
SUI-USDT-SWAP,726021083,1783398255143,2026-07-07 04:24:15,buy,0.7335,5.0,3.6675000000000004
SUI-USDT-SWAP,726021084,1783398255143,2026-07-07 04:24:15,buy,0.7335,10.0,7.335000000000001
SUI-USDT-SWAP,726021085,1783398255296,2026-07-07 04:24:15,sell,0.7335,7.0,5.1345
SUI-USDT-SWAP,726021086,1783398255296,2026-07-07 04:24:15,sell,0.7335,2.0,1.467
SUI-USDT-SWAP,726021087,1783398255496,2026-07-07 04:24:15,buy,0.7335,1.0,0.7335
SUI-USDT-SWAP,726021088,1783398255746,2026-07-07 04:24:15,buy,0.7335,105.0,77.0175
SUI-USDT-SWAP,726021089,1783398258282,2026-07-07 04:24:18,sell,0.7334,7.0,5.133800000000001
SUI-USDT-SWAP,726021090,1783398258282,2026-07-07 04:24:18,sell,0.7334,3.0,2.2002
SUI-USDT-SWAP,726021091,1783398258282,2026-07-07 04:24:18,sell,0.7334,11.0,8.067400000000001
SUI-USDT-SWAP,726021092,1783398258282,2026-07-07 04:24:18,sell,0.7334,99.0,72.6066
SUI-USDT-SWAP,726021093,1783398261701,2026-07-07 04:24:21,buy,0.7334,1231.0,902.8154000000001
SUI-USDT-SWAP,726021094,1783398264572,2026-07-07 04:24:24,buy,0.7334,1.0,0.7334
SUI-USDT-SWAP,726021095,1783398273140,2026-07-07 04:24:33,buy,0.7334,6.0,4.4004
SUI-USDT-SWAP,726021096,1783398273140,2026-07-07 04:24:33,buy,0.7334,90.0,66.006
SUI-USDT-SWAP,726021097,1783398273142,2026-07-07 04:24:33,buy,0.7334,47.0,34.4698
SUI-USDT-SWAP,726021098,1783398273142,2026-07-07 04:24:33,buy,0.7334,25.0,18.335
SUI-USDT-SWAP,726021099,1783398273142,2026-07-07 04:24:33,buy,0.7334,3.0,2.2002
SUI-USDT-SWAP,726021100,1783398273142,2026-07-07 04:24:33,buy,0.7334,13.0,9.5342
SUI-USDT-SWAP,726021101,1783398273142,2026-07-07 04:24:33,buy,0.7334,436.0,319.7624
SUI-USDT-SWAP,726021102,1783398273142,2026-07-07 04:24:33,buy,0.7334,2.0,1.4668
SUI-USDT-SWAP,726021103,1783398273150,2026-07-07 04:24:33,buy,0.7335,7.0,5.1345
SUI-USDT-SWAP,726021104,1783398273150,2026-07-07 04:24:33,buy,0.7335,1.0,0.7335
SUI-USDT-SWAP,726021105,1783398273150,2026-07-07 04:24:33,buy,0.7335,1.0,0.7335
SUI-USDT-SWAP,726021106,1783398273150,2026-07-07 04:24:33,buy,0.7335,1.0,0.7335
SUI-USDT-SWAP,726021107,1783398273150,2026-07-07 04:24:33,buy,0.7335,2.0,1.467
SUI-USDT-SWAP,726021108,1783398273150,2026-07-07 04:24:33,buy,0.7335,2.0,1.467
SUI-USDT-SWAP,726021109,1783398274987,2026-07-07 04:24:34,buy,0.7336,2.0,1.4672
SUI-USDT-SWAP,726021110,1783398285386,2026-07-07 04:24:45,buy,0.7336,2.0,1.4672
SUI-USDT-SWAP,726021111,1783398286276,2026-07-07 04:24:46,buy,0.7336,3.0,2.2008
SUI-USDT-SWAP,726021112,1783398286276,2026-07-07 04:24:46,buy,0.7336,1.0,0.7336
SUI-USDT-SWAP,726021113,1783398286276,2026-07-07 04:24:46,buy,0.7336,1.0,0.7336
SUI-USDT-SWAP,726021114,1783398286276,2026-07-07 04:24:46,buy,0.7336,128.0,93.9008
SUI-USDT-SWAP,726021115,1783398286276,2026-07-07 04:24:46,buy,0.7336,1.0,0.7336
SUI-USDT-SWAP,726021116,1783398286276,2026-07-07 04:24:46,buy,0.7336,1.0,0.7336
SUI-USDT-SWAP,726021117,1783398286276,2026-07-07 04:24:46,buy,0.7336,6.0,4.4016
SUI-USDT-SWAP,726021118,1783398286276,2026-07-07 04:24:46,buy,0.7336,1390.0,1019.7040000000001
SUI-USDT-SWAP,726021119,1783398286526,2026-07-07 04:24:46,sell,0.7335,96.0,70.416
SUI-USDT-SWAP,726021120,1783398286526,2026-07-07 04:24:46,sell,0.7335,7.0,5.1345
SUI-USDT-SWAP,726021121,1783398286526,2026-07-07 04:24:46,sell,0.7335,363.0,266.26050000000004
SUI-USDT-SWAP,726021122,1783398286526,2026-07-07 04:24:46,sell,0.7335,274.0,200.979
SUI-USDT-SWAP,726021123,1783398286526,2026-07-07 04:24:46,sell,0.7335,3698.0,2712.483
SUI-USDT-SWAP,726021124,1783398286526,2026-07-07 04:24:46,sell,0.7335,17.0,12.4695
SUI-USDT-SWAP,726021125,1783398286526,2026-07-07 04:24:46,sell,0.7335,10.0,7.335000000000001
SUI-USDT-SWAP,726021126,1783398288477,2026-07-07 04:24:48,buy,0.7336,35.0,25.676000000000002
SUI-USDT-SWAP,726021127,1783398288477,2026-07-07 04:24:48,buy,0.7336,80.0,58.688
SUI-USDT-SWAP,726021128,1783398295491,2026-07-07 04:24:55,buy,0.7336,87.0,63.8232
SUI-USDT-SWAP,726021129,1783398295737,2026-07-07 04:24:55,buy,0.7336,1.0,0.7336
SUI-USDT-SWAP,726021130,1783398298307,2026-07-07 04:24:58,buy,0.7336,7.0,5.1352
SUI-USDT-SWAP,726021131,1783398298307,2026-07-07 04:24:58,buy,0.7336,16.0,11.7376
SUI-USDT-SWAP,726021132,1783398298307,2026-07-07 04:24:58,buy,0.7336,1.0,0.7336
SUI-USDT-SWAP,726021133,1783398298307,2026-07-07 04:24:58,buy,0.7336,10.0,7.336
SUI-USDT-SWAP,726021134,1783398298307,2026-07-07 04:24:58,buy,0.7336,25.0,18.34
SUI-USDT-SWAP,726021135,1783398298307,2026-07-07 04:24:58,buy,0.7336,2.0,1.4672
