symbol,trade_id,timestamp_ms,timestamp_utc,side,price,size,quote_volume
TRX-USDT-SWAP,141231334,1783396383032,2026-07-07 03:53:03,sell,0.32969,0.05,0.0164845
TRX-USDT-SWAP,141231335,1783396383032,2026-07-07 03:53:03,sell,0.32969,2.43,0.8011467
TRX-USDT-SWAP,141231336,1783396383032,2026-07-07 03:53:03,sell,0.32969,3.8,1.2528219999999999
TRX-USDT-SWAP,141231337,1783396383032,2026-07-07 03:53:03,sell,0.32969,2.0,0.65938
TRX-USDT-SWAP,141231338,1783396383032,2026-07-07 03:53:03,sell,0.32969,0.02,0.0065937999999999995
TRX-USDT-SWAP,141231339,1783396383032,2026-07-07 03:53:03,sell,0.32969,0.1,0.032969
TRX-USDT-SWAP,141231340,1783396383032,2026-07-07 03:53:03,sell,0.32969,0.1,0.032969
TRX-USDT-SWAP,141231341,1783396383032,2026-07-07 03:53:03,sell,0.32968,0.01,0.0032968
TRX-USDT-SWAP,141231342,1783396383032,2026-07-07 03:53:03,sell,0.32968,1.76,0.5802368
TRX-USDT-SWAP,141231343,1783396383032,2026-07-07 03:53:03,sell,0.32968,0.02,0.0065936
TRX-USDT-SWAP,141231344,1783396383032,2026-07-07 03:53:03,sell,0.32968,3.67,1.2099255999999998
TRX-USDT-SWAP,141231345,1783396383032,2026-07-07 03:53:03,sell,0.32968,0.15,0.049451999999999996
TRX-USDT-SWAP,141231346,1783396383032,2026-07-07 03:53:03,sell,0.32967,0.02,0.0065934
TRX-USDT-SWAP,141231347,1783396383032,2026-07-07 03:53:03,sell,0.32967,9.1,2.999997
TRX-USDT-SWAP,141231348,1783396383032,2026-07-07 03:53:03,sell,0.32966,1.74,0.5736084
TRX-USDT-SWAP,141231349,1783396383032,2026-07-07 03:53:03,sell,0.32966,0.02,0.0065932000000000004
TRX-USDT-SWAP,141231350,1783396383032,2026-07-07 03:53:03,sell,0.32966,0.18,0.0593388
TRX-USDT-SWAP,141231351,1783396383032,2026-07-07 03:53:03,sell,0.32966,0.15,0.049449
TRX-USDT-SWAP,141231352,1783396383032,2026-07-07 03:53:03,sell,0.32966,0.01,0.0032966000000000002
TRX-USDT-SWAP,141231353,1783396383032,2026-07-07 03:53:03,sell,0.32965,2.0,0.6593
TRX-USDT-SWAP,141231354,1783396383032,2026-07-07 03:53:03,sell,0.32965,0.02,0.006593
TRX-USDT-SWAP,141231355,1783396383032,2026-07-07 03:53:03,sell,0.32964,0.02,0.0065928
TRX-USDT-SWAP,141231356,1783396383032,2026-07-07 03:53:03,sell,0.32964,0.01,0.0032964
TRX-USDT-SWAP,141231357,1783396383032,2026-07-07 03:53:03,sell,0.32964,5.68,1.8723551999999999
TRX-USDT-SWAP,141231358,1783396383032,2026-07-07 03:53:03,sell,0.32964,0.85,0.280194
TRX-USDT-SWAP,141231359,1783396383032,2026-07-07 03:53:03,sell,0.32964,1.23,0.40545719999999996
TRX-USDT-SWAP,141231360,1783396383032,2026-07-07 03:53:03,sell,0.32963,1.74,0.5735562
TRX-USDT-SWAP,141231361,1783396383032,2026-07-07 03:53:03,sell,0.32963,2.38,0.7845193999999999
TRX-USDT-SWAP,141231362,1783396383032,2026-07-07 03:53:03,sell,0.32963,0.01,0.0032963
TRX-USDT-SWAP,141231363,1783396383032,2026-07-07 03:53:03,sell,0.32963,0.02,0.0065926
TRX-USDT-SWAP,141231364,1783396383032,2026-07-07 03:53:03,sell,0.32963,6.92,2.2810395999999997
TRX-USDT-SWAP,141231365,1783396383032,2026-07-07 03:53:03,sell,0.32962,2.0,0.65924
TRX-USDT-SWAP,141231366,1783396383032,2026-07-07 03:53:03,sell,0.32962,0.02,0.006592400000000001
TRX-USDT-SWAP,141231367,1783396383032,2026-07-07 03:53:03,sell,0.32962,3.67,1.2097054
TRX-USDT-SWAP,141231368,1783396383032,2026-07-07 03:53:03,sell,0.32962,0.01,0.0032962000000000004
TRX-USDT-SWAP,141231369,1783396383032,2026-07-07 03:53:03,sell,0.32961,0.02,0.0065922
TRX-USDT-SWAP,141231370,1783396383034,2026-07-07 03:53:03,sell,0.3296,0.01,0.0032960000000000003
TRX-USDT-SWAP,141231371,1783396383034,2026-07-07 03:53:03,sell,0.3296,0.02,0.006592000000000001
TRX-USDT-SWAP,141231372,1783396383034,2026-07-07 03:53:03,sell,0.3296,0.02,0.006592000000000001
TRX-USDT-SWAP,141231373,1783396383034,2026-07-07 03:53:03,sell,0.3296,0.01,0.0032960000000000003
TRX-USDT-SWAP,141231374,1783396383034,2026-07-07 03:53:03,sell,0.3296,0.01,0.0032960000000000003
TRX-USDT-SWAP,141231375,1783396383034,2026-07-07 03:53:03,sell,0.3296,0.01,0.0032960000000000003
TRX-USDT-SWAP,141231376,1783396383034,2026-07-07 03:53:03,sell,0.3296,0.02,0.006592000000000001
TRX-USDT-SWAP,141231377,1783396383039,2026-07-07 03:53:03,sell,0.32959,0.01,0.0032959
TRX-USDT-SWAP,141231378,1783396383039,2026-07-07 03:53:03,sell,0.32959,1.21,0.3988039
TRX-USDT-SWAP,141231379,1783396383039,2026-07-07 03:53:03,sell,0.32958,0.02,0.0065915999999999995
TRX-USDT-SWAP,141231380,1783396383039,2026-07-07 03:53:03,sell,0.32958,0.1,0.032958
TRX-USDT-SWAP,141231381,1783396383039,2026-07-07 03:53:03,sell,0.32958,0.1,0.032958
TRX-USDT-SWAP,141231382,1783396383039,2026-07-07 03:53:03,sell,0.32957,0.02,0.0065914
TRX-USDT-SWAP,141231383,1783396383039,2026-07-07 03:53:03,sell,0.32957,0.32,0.1054624
TRX-USDT-SWAP,141231384,1783396383039,2026-07-07 03:53:03,sell,0.32957,0.1,0.032957
TRX-USDT-SWAP,141231385,1783396383043,2026-07-07 03:53:03,sell,0.32956,0.01,0.0032956
TRX-USDT-SWAP,141231386,1783396383043,2026-07-07 03:53:03,sell,0.32956,0.01,0.0032956
TRX-USDT-SWAP,141231387,1783396383043,2026-07-07 03:53:03,sell,0.32956,0.01,0.0032956
TRX-USDT-SWAP,141231388,1783396383043,2026-07-07 03:53:03,sell,0.32956,3.72,1.2259632
TRX-USDT-SWAP,141231389,1783396383043,2026-07-07 03:53:03,buy,0.32957,0.08,0.0263656
TRX-USDT-SWAP,141231390,1783396383050,2026-07-07 03:53:03,buy,0.32957,4.04,1.3314628
TRX-USDT-SWAP,141231391,1783396383050,2026-07-07 03:53:03,buy,0.32957,4.14,1.3644197999999998
TRX-USDT-SWAP,141231392,1783396383050,2026-07-07 03:53:03,buy,0.32957,4.11,1.3545327
TRX-USDT-SWAP,141231393,1783396383050,2026-07-07 03:53:03,buy,0.32957,5.3,1.7467209999999997
TRX-USDT-SWAP,141231394,1783396383050,2026-07-07 03:53:03,buy,0.32957,0.94,0.30979579999999995
TRX-USDT-SWAP,141231395,1783396383050,2026-07-07 03:53:03,buy,0.32957,0.4,0.131828
TRX-USDT-SWAP,141231396,1783396383050,2026-07-07 03:53:03,buy,0.32957,1.76,0.5800432
TRX-USDT-SWAP,141231397,1783396385672,2026-07-07 03:53:05,buy,0.32959,5.49,1.8094491000000001
TRX-USDT-SWAP,141231398,1783396385672,2026-07-07 03:53:05,buy,0.32959,1.21,0.3988039
TRX-USDT-SWAP,141231399,1783396385672,2026-07-07 03:53:05,buy,0.32959,0.32,0.1054688
TRX-USDT-SWAP,141231400,1783396385672,2026-07-07 03:53:05,buy,0.32959,0.02,0.0065918
TRX-USDT-SWAP,141231401,1783396385672,2026-07-07 03:53:05,buy,0.32959,2.78,0.9162602
TRX-USDT-SWAP,141231402,1783396385674,2026-07-07 03:53:05,buy,0.32961,0.02,0.0065922
TRX-USDT-SWAP,141231403,1783396385674,2026-07-07 03:53:05,buy,0.32961,0.02,0.0065922
TRX-USDT-SWAP,141231404,1783396385674,2026-07-07 03:53:05,buy,0.32961,0.03,0.009888300000000001
TRX-USDT-SWAP,141231405,1783396385674,2026-07-07 03:53:05,buy,0.32961,3.74,1.2327414
TRX-USDT-SWAP,141231406,1783396385726,2026-07-07 03:53:05,buy,0.32963,0.02,0.0065926
TRX-USDT-SWAP,141231407,1783396385726,2026-07-07 03:53:05,buy,0.32964,0.02,0.0065928
TRX-USDT-SWAP,141231408,1783396385726,2026-07-07 03:53:05,buy,0.32964,0.02,0.0065928
TRX-USDT-SWAP,141231409,1783396385726,2026-07-07 03:53:05,buy,0.32964,0.01,0.0032964
TRX-USDT-SWAP,141231410,1783396386365,2026-07-07 03:53:06,buy,0.32966,0.02,0.0065932000000000004
TRX-USDT-SWAP,141231411,1783396386365,2026-07-07 03:53:06,buy,0.32966,0.01,0.0032966000000000002
TRX-USDT-SWAP,141231412,1783396387281,2026-07-07 03:53:07,buy,0.32967,0.01,0.0032967
TRX-USDT-SWAP,141231413,1783396414157,2026-07-07 03:53:34,buy,0.32967,0.02,0.0065934
TRX-USDT-SWAP,141231414,1783396414157,2026-07-07 03:53:34,buy,0.32967,0.06,0.0197802
TRX-USDT-SWAP,141231415,1783396414157,2026-07-07 03:53:34,buy,0.32967,0.02,0.0065934
TRX-USDT-SWAP,141231416,1783396419079,2026-07-07 03:53:39,buy,0.32968,0.01,0.0032968
TRX-USDT-SWAP,141231417,1783396419079,2026-07-07 03:53:39,buy,0.32968,0.04,0.0131872
TRX-USDT-SWAP,141231418,1783396419079,2026-07-07 03:53:39,buy,0.32968,0.04,0.0131872
TRX-USDT-SWAP,141231419,1783396419079,2026-07-07 03:53:39,buy,0.32968,0.02,0.0065936
TRX-USDT-SWAP,141231420,1783396419081,2026-07-07 03:53:39,buy,0.32969,0.02,0.0065937999999999995
TRX-USDT-SWAP,141231421,1783396419081,2026-07-07 03:53:39,buy,0.3297,0.02,0.006594
TRX-USDT-SWAP,141231422,1783396419081,2026-07-07 03:53:39,buy,0.3297,0.01,0.003297
TRX-USDT-SWAP,141231423,1783396419081,2026-07-07 03:53:39,buy,0.32971,0.02,0.006594200000000001
TRX-USDT-SWAP,141231424,1783396421855,2026-07-07 03:53:41,buy,0.32972,0.01,0.0032972
TRX-USDT-SWAP,141231425,1783396422907,2026-07-07 03:53:42,buy,0.32973,0.02,0.006594600000000001
TRX-USDT-SWAP,141231426,1783396422907,2026-07-07 03:53:42,buy,0.32974,0.02,0.0065948
TRX-USDT-SWAP,141231427,1783396422907,2026-07-07 03:53:42,buy,0.32974,0.01,0.0032974
TRX-USDT-SWAP,141231428,1783396441683,2026-07-07 03:54:01,sell,0.32974,0.04,0.0131896
TRX-USDT-SWAP,141231429,1783396445425,2026-07-07 03:54:05,buy,0.32975,0.01,0.0032975
TRX-USDT-SWAP,141231430,1783396501214,2026-07-07 03:55:01,buy,0.32975,0.02,0.006595
TRX-USDT-SWAP,141231431,1783396501214,2026-07-07 03:55:01,buy,0.32975,0.02,0.006595
TRX-USDT-SWAP,141231432,1783396501669,2026-07-07 03:55:01,sell,0.32974,0.07,0.0230818
TRX-USDT-SWAP,141231433,1783396503125,2026-07-07 03:55:03,buy,0.32975,0.01,0.0032975
TRX-USDT-SWAP,141231611,1783397281586,2026-07-07 04:08:01,sell,0.32969,0.05,0.0164845
TRX-USDT-SWAP,141231612,1783397327851,2026-07-07 04:08:47,buy,0.3297,0.33,0.10880100000000001
TRX-USDT-SWAP,141231613,1783397327851,2026-07-07 04:08:47,buy,0.3297,0.07,0.023079000000000002
TRX-USDT-SWAP,141231614,1783397327851,2026-07-07 04:08:47,buy,0.3297,0.18,0.059345999999999996
TRX-USDT-SWAP,141231615,1783397327851,2026-07-07 04:08:47,buy,0.3297,0.03,0.009890999999999999
TRX-USDT-SWAP,141231616,1783397327851,2026-07-07 04:08:47,buy,0.3297,0.06,0.019781999999999998
TRX-USDT-SWAP,141231617,1783397327851,2026-07-07 04:08:47,buy,0.3297,0.15,0.049455
TRX-USDT-SWAP,141231618,1783397327851,2026-07-07 04:08:47,buy,0.3297,0.14,0.046158000000000005
TRX-USDT-SWAP,141231619,1783397327851,2026-07-07 04:08:47,buy,0.3297,0.28,0.09231600000000001
TRX-USDT-SWAP,141231620,1783397327851,2026-07-07 04:08:47,buy,0.3297,0.1,0.03297
TRX-USDT-SWAP,141231621,1783397327851,2026-07-07 04:08:47,buy,0.3297,0.14,0.046158000000000005
TRX-USDT-SWAP,141231622,1783397327851,2026-07-07 04:08:47,buy,0.3297,0.15,0.049455
TRX-USDT-SWAP,141231623,1783397327851,2026-07-07 04:08:47,buy,0.3297,0.07,0.023079000000000002
TRX-USDT-SWAP,141231624,1783397327851,2026-07-07 04:08:47,buy,0.3297,0.02,0.006594
TRX-USDT-SWAP,141231625,1783397327851,2026-07-07 04:08:47,buy,0.3297,0.02,0.006594
TRX-USDT-SWAP,141231626,1783397327860,2026-07-07 04:08:47,buy,0.32972,0.03,0.0098916
TRX-USDT-SWAP,141231627,1783397327860,2026-07-07 04:08:47,buy,0.32972,0.02,0.0065944
TRX-USDT-SWAP,141231628,1783397327860,2026-07-07 04:08:47,buy,0.32973,0.03,0.0098919
TRX-USDT-SWAP,141231629,1783397327860,2026-07-07 04:08:47,buy,0.32973,0.02,0.006594600000000001
TRX-USDT-SWAP,141231630,1783397328945,2026-07-07 04:08:48,sell,0.32973,0.01,0.0032973000000000004
TRX-USDT-SWAP,141231631,1783397342049,2026-07-07 04:09:02,sell,0.32973,0.04,0.013189200000000002
TRX-USDT-SWAP,141231632,1783397401633,2026-07-07 04:10:01,buy,0.32974,0.01,0.0032974
TRX-USDT-SWAP,141231633,1783397401633,2026-07-07 04:10:01,buy,0.32974,0.02,0.0065948
TRX-USDT-SWAP,141231634,1783397401633,2026-07-07 04:10:01,buy,0.32974,0.01,0.0032974
TRX-USDT-SWAP,141231635,1783397401870,2026-07-07 04:10:01,buy,0.32974,0.01,0.0032974
TRX-USDT-SWAP,141231636,1783397401870,2026-07-07 04:10:01,buy,0.32974,0.03,0.009892199999999999
TRX-USDT-SWAP,141231637,1783397401943,2026-07-07 04:10:01,sell,0.32973,0.05,0.0164865
TRX-USDT-SWAP,141231638,1783397460235,2026-07-07 04:11:00,sell,0.32973,0.01,0.0032973000000000004
TRX-USDT-SWAP,141231639,1783397518017,2026-07-07 04:11:58,buy,0.32974,0.16,0.0527584
TRX-USDT-SWAP,141231640,1783397518017,2026-07-07 04:11:58,buy,0.32974,0.08,0.0263792
TRX-USDT-SWAP,141231641,1783397518017,2026-07-07 04:11:58,buy,0.32974,0.09,0.029676599999999997
TRX-USDT-SWAP,141231642,1783397518017,2026-07-07 04:11:58,buy,0.32974,0.04,0.0131896
TRX-USDT-SWAP,141231643,1783397521546,2026-07-07 04:12:01,sell,0.32973,0.09,0.0296757
TRX-USDT-SWAP,141231644,1783397522738,2026-07-07 04:12:02,buy,0.32974,0.04,0.0131896
TRX-USDT-SWAP,141231645,1783397522738,2026-07-07 04:12:02,buy,0.32974,0.01,0.0032974
TRX-USDT-SWAP,141231646,1783397526844,2026-07-07 04:12:06,buy,0.32974,0.02,0.0065948
TRX-USDT-SWAP,141231647,1783397526844,2026-07-07 04:12:06,buy,0.32974,0.03,0.009892199999999999
TRX-USDT-SWAP,141231648,1783397529638,2026-07-07 04:12:09,buy,0.32974,0.07,0.0230818
TRX-USDT-SWAP,141231649,1783397581654,2026-07-07 04:13:01,buy,0.32974,0.04,0.0131896
TRX-USDT-SWAP,141231650,1783397581803,2026-07-07 04:13:01,buy,0.32974,0.04,0.0131896
TRX-USDT-SWAP,141231651,1783397582110,2026-07-07 04:13:02,sell,0.32973,0.07,0.023081100000000004
TRX-USDT-SWAP,141231652,1783397641966,2026-07-07 04:14:01,sell,0.32973,0.06,0.0197838
TRX-USDT-SWAP,141231653,1783397642971,2026-07-07 04:14:02,sell,0.32973,0.12,0.0395676
TRX-USDT-SWAP,141231654,1783397642971,2026-07-07 04:14:02,sell,0.32973,0.35,0.1154055
TRX-USDT-SWAP,141231655,1783397701648,2026-07-07 04:15:01,buy,0.32974,0.04,0.0131896
TRX-USDT-SWAP,141231656,1783397701705,2026-07-07 04:15:01,sell,0.32973,0.06,0.0197838
TRX-USDT-SWAP,141231657,1783397712572,2026-07-07 04:15:12,buy,0.32974,0.59,0.1945466
TRX-USDT-SWAP,141231658,1783397712572,2026-07-07 04:15:12,buy,0.32974,0.65,0.214331
TRX-USDT-SWAP,141231659,1783397712572,2026-07-07 04:15:12,buy,0.32974,0.36,0.11870639999999999
TRX-USDT-SWAP,141231660,1783397712572,2026-07-07 04:15:12,buy,0.32974,0.25,0.082435
TRX-USDT-SWAP,141231661,1783397712572,2026-07-07 04:15:12,buy,0.32974,0.05,0.016486999999999998
TRX-USDT-SWAP,141231662,1783397712572,2026-07-07 04:15:12,buy,0.32974,0.02,0.0065948
TRX-USDT-SWAP,141231663,1783397712572,2026-07-07 04:15:12,buy,0.32975,0.03,0.009892499999999999
TRX-USDT-SWAP,141231664,1783397712572,2026-07-07 04:15:12,buy,0.32975,0.11,0.0362725
TRX-USDT-SWAP,141231665,1783397712572,2026-07-07 04:15:12,buy,0.32976,1.77,0.5836752
TRX-USDT-SWAP,141231666,1783397756932,2026-07-07 04:15:56,buy,0.32976,1.06,0.3495456
TRX-USDT-SWAP,141231667,1783397762197,2026-07-07 04:16:02,sell,0.32975,0.6,0.19785
TRX-USDT-SWAP,141231668,1783397785602,2026-07-07 04:16:25,sell,0.32975,0.33,0.1088175
TRX-USDT-SWAP,141231669,1783397816107,2026-07-07 04:16:56,sell,0.32975,0.6,0.19785
TRX-USDT-SWAP,141231670,1783397821430,2026-07-07 04:17:01,buy,0.32976,0.04,0.0131904
TRX-USDT-SWAP,141231671,1783397821523,2026-07-07 04:17:01,sell,0.32975,0.06,0.019784999999999997
TRX-USDT-SWAP,141231672,1783397821560,2026-07-07 04:17:01,buy,0.32976,0.04,0.0131904
TRX-USDT-SWAP,141231673,1783397844341,2026-07-07 04:17:24,sell,0.32975,0.12,0.039569999999999994
TRX-USDT-SWAP,141231674,1783397844341,2026-07-07 04:17:24,sell,0.32975,1.08,0.35613
TRX-USDT-SWAP,141231675,1783397844341,2026-07-07 04:17:24,sell,0.32975,0.22,0.072545
TRX-USDT-SWAP,141231676,1783397844341,2026-07-07 04:17:24,sell,0.32975,1.03,0.3396425
TRX-USDT-SWAP,141231677,1783397844341,2026-07-07 04:17:24,sell,0.32975,0.3,0.098925
TRX-USDT-SWAP,141231678,1783397844341,2026-07-07 04:17:24,sell,0.32975,3.37,1.1112575
TRX-USDT-SWAP,141231679,1783397881878,2026-07-07 04:18:01,sell,0.32975,0.09,0.0296775
TRX-USDT-SWAP,141231680,1783397881885,2026-07-07 04:18:01,sell,0.32975,9.62,3.1721949999999994
TRX-USDT-SWAP,141231681,1783397899287,2026-07-07 04:18:19,sell,0.32975,0.4,0.1319
TRX-USDT-SWAP,141231682,1783397940236,2026-07-07 04:19:00,sell,0.32975,0.38,0.125305
TRX-USDT-SWAP,141231683,1783397941886,2026-07-07 04:19:01,buy,0.32976,0.04,0.0131904
TRX-USDT-SWAP,141231684,1783397941956,2026-07-07 04:19:01,sell,0.32975,0.1,0.032975
TRX-USDT-SWAP,141231685,1783398000249,2026-07-07 04:20:00,sell,0.32975,0.67,0.2209325
TRX-USDT-SWAP,141231686,1783398001361,2026-07-07 04:20:01,buy,0.32976,0.04,0.0131904
TRX-USDT-SWAP,141231687,1783398001827,2026-07-07 04:20:01,sell,0.32975,0.11,0.0362725
TRX-USDT-SWAP,141231688,1783398002017,2026-07-07 04:20:02,buy,0.32976,0.37,0.1220112
TRX-USDT-SWAP,141231689,1783398061911,2026-07-07 04:21:01,sell,0.32975,0.11,0.0362725
TRX-USDT-SWAP,141231690,1783398067131,2026-07-07 04:21:07,sell,0.32975,0.04,0.01319
TRX-USDT-SWAP,141231691,1783398089161,2026-07-07 04:21:29,buy,0.32976,0.02,0.0065952
TRX-USDT-SWAP,141231692,1783398120230,2026-07-07 04:22:00,sell,0.32975,1.46,0.48143499999999995
TRX-USDT-SWAP,141231693,1783398121439,2026-07-07 04:22:01,sell,0.32975,0.11,0.0362725
TRX-USDT-SWAP,141231694,1783398121584,2026-07-07 04:22:01,buy,0.32976,0.04,0.0131904
TRX-USDT-SWAP,141231695,1783398126567,2026-07-07 04:22:06,sell,0.32975,0.05,0.0164875
TRX-USDT-SWAP,141231696,1783398126567,2026-07-07 04:22:06,sell,0.32975,1.51,0.4979225
TRX-USDT-SWAP,141231697,1783398157803,2026-07-07 04:22:37,buy,0.32976,0.3,0.098928
TRX-USDT-SWAP,141231698,1783398181547,2026-07-07 04:23:01,sell,0.32975,0.1,0.032975
TRX-USDT-SWAP,141231699,1783398185632,2026-07-07 04:23:05,sell,0.32975,0.01,0.0032975
TRX-USDT-SWAP,141231700,1783398217588,2026-07-07 04:23:37,sell,0.32975,0.03,0.009892499999999999
TRX-USDT-SWAP,141231701,1783398217588,2026-07-07 04:23:37,sell,0.32975,0.54,0.178065
TRX-USDT-SWAP,141231702,1783398217588,2026-07-07 04:23:37,sell,0.32975,0.42,0.13849499999999998
TRX-USDT-SWAP,141231703,1783398240228,2026-07-07 04:24:00,sell,0.32975,0.25,0.0824375
TRX-USDT-SWAP,141231704,1783398241446,2026-07-07 04:24:01,buy,0.32976,0.04,0.0131904
TRX-USDT-SWAP,141231705,1783398241456,2026-07-07 04:24:01,sell,0.32975,0.1,0.032975
TRX-USDT-SWAP,141231706,1783398241880,2026-07-07 04:24:01,buy,0.32976,0.04,0.0131904
TRX-USDT-SWAP,141231707,1783398282137,2026-07-07 04:24:42,sell,0.32975,0.01,0.0032975
TRX-USDT-SWAP,141231708,1783398298421,2026-07-07 04:24:58,sell,0.32975,0.15,0.0494625
TRX-USDT-SWAP,141231709,1783398298421,2026-07-07 04:24:58,sell,0.32975,1.15,0.37921249999999995
TRX-USDT-SWAP,141231710,1783398301475,2026-07-07 04:25:01,sell,0.32975,0.11,0.0362725
