symbol,trade_id,timestamp_ms,timestamp_utc,side,price,size,quote_volume
UNI-USDT-SWAP,345406834,1783396380001,2026-07-07 03:53:00,sell,3.125,1.0,3.125
UNI-USDT-SWAP,345406835,1783396385002,2026-07-07 03:53:05,sell,3.125,1.0,3.125
UNI-USDT-SWAP,345406836,1783396385275,2026-07-07 03:53:05,sell,3.125,8.0,25.0
UNI-USDT-SWAP,345406837,1783396400539,2026-07-07 03:53:20,buy,3.126,2.0,6.252
UNI-USDT-SWAP,345406838,1783396400539,2026-07-07 03:53:20,buy,3.126,1.0,3.126
UNI-USDT-SWAP,345406839,1783396400539,2026-07-07 03:53:20,buy,3.126,14.0,43.763999999999996
UNI-USDT-SWAP,345406840,1783396400539,2026-07-07 03:53:20,buy,3.126,2.0,6.252
UNI-USDT-SWAP,345406841,1783396400539,2026-07-07 03:53:20,buy,3.126,3.0,9.378
UNI-USDT-SWAP,345406842,1783396400539,2026-07-07 03:53:20,buy,3.126,8.0,25.008
UNI-USDT-SWAP,345406843,1783396400539,2026-07-07 03:53:20,buy,3.126,9.0,28.134
UNI-USDT-SWAP,345406844,1783396404906,2026-07-07 03:53:24,buy,3.127,2.0,6.254
UNI-USDT-SWAP,345406845,1783396404906,2026-07-07 03:53:24,buy,3.127,15.0,46.904999999999994
UNI-USDT-SWAP,345406846,1783396404906,2026-07-07 03:53:24,buy,3.127,19.0,59.413
UNI-USDT-SWAP,345406847,1783396404906,2026-07-07 03:53:24,buy,3.127,14.0,43.778
UNI-USDT-SWAP,345406848,1783396404906,2026-07-07 03:53:24,buy,3.127,2.0,6.254
UNI-USDT-SWAP,345406849,1783396405001,2026-07-07 03:53:25,sell,3.127,1.0,3.127
UNI-USDT-SWAP,345406850,1783396425399,2026-07-07 03:53:45,buy,3.128,38.0,118.864
UNI-USDT-SWAP,345406851,1783396425399,2026-07-07 03:53:45,buy,3.128,74.0,231.472
UNI-USDT-SWAP,345406852,1783396425399,2026-07-07 03:53:45,buy,3.128,1.0,3.128
UNI-USDT-SWAP,345406853,1783396425399,2026-07-07 03:53:45,buy,3.128,10.0,31.28
UNI-USDT-SWAP,345406854,1783396425399,2026-07-07 03:53:45,buy,3.128,8.0,25.024
UNI-USDT-SWAP,345406855,1783396425399,2026-07-07 03:53:45,buy,3.128,10.0,31.28
UNI-USDT-SWAP,345406856,1783396425399,2026-07-07 03:53:45,buy,3.128,14.0,43.792
UNI-USDT-SWAP,345406857,1783396425399,2026-07-07 03:53:45,buy,3.128,90.0,281.52
UNI-USDT-SWAP,345406858,1783396425399,2026-07-07 03:53:45,buy,3.128,36.0,112.608
UNI-USDT-SWAP,345406859,1783396425401,2026-07-07 03:53:45,buy,3.129,1.0,3.129
UNI-USDT-SWAP,345406860,1783396425401,2026-07-07 03:53:45,buy,3.129,1.0,3.129
UNI-USDT-SWAP,345406861,1783396425401,2026-07-07 03:53:45,buy,3.129,74.0,231.546
UNI-USDT-SWAP,345406862,1783396425401,2026-07-07 03:53:45,buy,3.129,585.0,1830.465
UNI-USDT-SWAP,345406863,1783396425401,2026-07-07 03:53:45,buy,3.129,1.0,3.129
UNI-USDT-SWAP,345406864,1783396425401,2026-07-07 03:53:45,buy,3.129,1.0,3.129
UNI-USDT-SWAP,345406865,1783396425401,2026-07-07 03:53:45,buy,3.129,5.0,15.645
UNI-USDT-SWAP,345406866,1783396425401,2026-07-07 03:53:45,buy,3.129,38.0,118.902
UNI-USDT-SWAP,345406867,1783396425401,2026-07-07 03:53:45,buy,3.129,14.0,43.806
UNI-USDT-SWAP,345406868,1783396425401,2026-07-07 03:53:45,buy,3.129,1.0,3.129
UNI-USDT-SWAP,345406869,1783396425401,2026-07-07 03:53:45,buy,3.129,12.0,37.548
UNI-USDT-SWAP,345406870,1783396425401,2026-07-07 03:53:45,buy,3.129,14.0,43.806
UNI-USDT-SWAP,345406871,1783396425401,2026-07-07 03:53:45,buy,3.129,22.0,68.838
UNI-USDT-SWAP,345406872,1783396425401,2026-07-07 03:53:45,buy,3.129,22.0,68.838
UNI-USDT-SWAP,345406873,1783396425401,2026-07-07 03:53:45,buy,3.129,44.0,137.676
UNI-USDT-SWAP,345406874,1783396425540,2026-07-07 03:53:45,sell,3.129,2.0,6.258
UNI-USDT-SWAP,345406875,1783396425540,2026-07-07 03:53:45,sell,3.129,7.0,21.903
UNI-USDT-SWAP,345406876,1783396429034,2026-07-07 03:53:49,sell,3.128,4.0,12.512
UNI-USDT-SWAP,345406877,1783396433793,2026-07-07 03:53:53,sell,3.128,107.0,334.696
UNI-USDT-SWAP,345406878,1783396433793,2026-07-07 03:53:53,sell,3.128,2.0,6.256
UNI-USDT-SWAP,345406879,1783396433793,2026-07-07 03:53:53,sell,3.128,553.0,1729.784
UNI-USDT-SWAP,345406880,1783396433793,2026-07-07 03:53:53,sell,3.128,264.0,825.792
UNI-USDT-SWAP,345406881,1783396433793,2026-07-07 03:53:53,sell,3.128,670.0,2095.76
UNI-USDT-SWAP,345406882,1783396433793,2026-07-07 03:53:53,sell,3.128,2.0,6.256
UNI-USDT-SWAP,345406883,1783396433793,2026-07-07 03:53:53,sell,3.128,15.0,46.92
UNI-USDT-SWAP,345406884,1783396433793,2026-07-07 03:53:53,sell,3.128,102.0,319.05600000000004
UNI-USDT-SWAP,345406885,1783396435001,2026-07-07 03:53:55,sell,3.127,1.0,3.127
UNI-USDT-SWAP,345406886,1783396440002,2026-07-07 03:54:00,sell,3.127,1.0,3.127
UNI-USDT-SWAP,345406887,1783396441584,2026-07-07 03:54:01,buy,3.128,4.0,12.512
UNI-USDT-SWAP,345406888,1783396441623,2026-07-07 03:54:01,sell,3.127,1.0,3.127
UNI-USDT-SWAP,345406889,1783396441623,2026-07-07 03:54:01,sell,3.127,3.0,9.381
UNI-USDT-SWAP,345406890,1783396443152,2026-07-07 03:54:03,sell,3.127,4.0,12.508
UNI-USDT-SWAP,345406891,1783396443152,2026-07-07 03:54:03,sell,3.127,2.0,6.254
UNI-USDT-SWAP,345406892,1783396443152,2026-07-07 03:54:03,sell,3.127,2.0,6.254
UNI-USDT-SWAP,345406893,1783396445001,2026-07-07 03:54:05,sell,3.127,1.0,3.127
UNI-USDT-SWAP,345406894,1783396465002,2026-07-07 03:54:25,sell,3.127,1.0,3.127
UNI-USDT-SWAP,345406895,1783396482984,2026-07-07 03:54:42,sell,3.127,27.0,84.42899999999999
UNI-USDT-SWAP,345406896,1783396495002,2026-07-07 03:54:55,sell,3.127,1.0,3.127
UNI-USDT-SWAP,345406897,1783396500001,2026-07-07 03:55:00,sell,3.127,1.0,3.127
UNI-USDT-SWAP,345406898,1783396501341,2026-07-07 03:55:01,sell,3.127,8.0,25.016
UNI-USDT-SWAP,345406899,1783396505001,2026-07-07 03:55:05,sell,3.127,1.0,3.127
UNI-USDT-SWAP,345406900,1783396521716,2026-07-07 03:55:21,sell,3.127,2.0,6.254
UNI-USDT-SWAP,345406901,1783396521716,2026-07-07 03:55:21,sell,3.127,13.0,40.650999999999996
UNI-USDT-SWAP,345406902,1783396521716,2026-07-07 03:55:21,sell,3.127,112.0,350.224
UNI-USDT-SWAP,345406903,1783396521716,2026-07-07 03:55:21,sell,3.127,69.0,215.76299999999998
UNI-USDT-SWAP,345406904,1783396521716,2026-07-07 03:55:21,sell,3.127,1.0,3.127
UNI-USDT-SWAP,345406905,1783396521716,2026-07-07 03:55:21,sell,3.127,475.0,1485.3249999999998
UNI-USDT-SWAP,345406906,1783396521716,2026-07-07 03:55:21,sell,3.127,159.0,497.193
UNI-USDT-SWAP,345406907,1783396521716,2026-07-07 03:55:21,sell,3.127,26.0,81.30199999999999
UNI-USDT-SWAP,345406908,1783396521716,2026-07-07 03:55:21,sell,3.127,2.0,6.254
UNI-USDT-SWAP,345406909,1783396521716,2026-07-07 03:55:21,sell,3.127,1.0,3.127
UNI-USDT-SWAP,345406910,1783396521716,2026-07-07 03:55:21,sell,3.127,343.0,1072.561
UNI-USDT-SWAP,345406911,1783396523637,2026-07-07 03:55:23,buy,3.127,70.0,218.89
UNI-USDT-SWAP,345406912,1783396523637,2026-07-07 03:55:23,buy,3.127,241.0,753.607
UNI-USDT-SWAP,345406913,1783396525002,2026-07-07 03:55:25,sell,3.126,1.0,3.126
UNI-USDT-SWAP,345406914,1783396529870,2026-07-07 03:55:29,sell,3.126,2.0,6.252
UNI-USDT-SWAP,345406915,1783396529870,2026-07-07 03:55:29,sell,3.126,1.0,3.126
UNI-USDT-SWAP,345406916,1783396529870,2026-07-07 03:55:29,sell,3.126,1.0,3.126
UNI-USDT-SWAP,345406917,1783396529870,2026-07-07 03:55:29,sell,3.126,7.0,21.881999999999998
UNI-USDT-SWAP,345406918,1783396533440,2026-07-07 03:55:33,sell,3.125,1.0,3.125
UNI-USDT-SWAP,345406919,1783396533440,2026-07-07 03:55:33,sell,3.125,2.0,6.25
UNI-USDT-SWAP,345406920,1783396533440,2026-07-07 03:55:33,sell,3.125,6.0,18.75
UNI-USDT-SWAP,345406921,1783396533440,2026-07-07 03:55:33,sell,3.125,1.0,3.125
UNI-USDT-SWAP,345406922,1783396533440,2026-07-07 03:55:33,sell,3.125,1.0,3.125
UNI-USDT-SWAP,345406923,1783396533440,2026-07-07 03:55:33,sell,3.125,9.0,28.125
UNI-USDT-SWAP,345406924,1783396533440,2026-07-07 03:55:33,sell,3.125,5.0,15.625
UNI-USDT-SWAP,345406925,1783396533440,2026-07-07 03:55:33,sell,3.125,7.0,21.875
UNI-USDT-SWAP,345406926,1783396534317,2026-07-07 03:55:34,buy,3.125,225.0,703.125
UNI-USDT-SWAP,345406927,1783396534317,2026-07-07 03:55:34,buy,3.125,93.0,290.625
UNI-USDT-SWAP,345406928,1783396538582,2026-07-07 03:55:38,buy,3.125,2.0,6.25
UNI-USDT-SWAP,345406929,1783396538582,2026-07-07 03:55:38,buy,3.125,14.0,43.75
UNI-USDT-SWAP,345406930,1783396538582,2026-07-07 03:55:38,buy,3.125,36.0,112.5
UNI-USDT-SWAP,345406931,1783396538582,2026-07-07 03:55:38,buy,3.125,39.0,121.875
UNI-USDT-SWAP,345406932,1783396538582,2026-07-07 03:55:38,buy,3.125,2.0,6.25
UNI-USDT-SWAP,345406933,1783396538582,2026-07-07 03:55:38,buy,3.125,30.0,93.75
